3259 5075
617 292 754 360 436
1481 290 1667 357 Anno
1718 291 1888 357 1533
1933 292 2090 356 acta.

618 487 925 534 mannum
968 469 1291 551 totamque
1335 466 1862 551 anabaptisticam
1907 466 2230 533 cohortem
2275 466 2612 533 decertent.
2678 466 2799 533 Ille
2841 466 2968 533 ita-

619 594 742 658 que
769 574 839 638 in
868 573 1142 658 gratiam
1184 573 1608 657 periclitantis
1643 572 2032 656 reipublicae
2061 571 2522 638 Theodoricum
2551 573 2965 655 Fabritium¹,

618 680 918 746 facundia
961 681 1027 746 et
1070 679 1333 745 audacia
1375 679 1709 764 insignem,
1758 680 1824 745 et
1879 680 2180 745 Ioannem
2222 678 2580 764 Leningum
2623 679 2967 764 Melsinga·

615 806 775 852 num
794 788 836 872 ²,
906 786 1230 852 hominem
1289 785 1549 869 quidem
1593 785 1878 868 doctum,
1950 785 2061 851 sed
2116 785 2562 851 meticulosum
2628 786 2967 869 minusque

618 893 945 977 disertum,
995 912 1150 977 quos
1196 892 1519 977 evangelio
1563 892 1773 957 favere
1817 891 2223 976 potissimum
2253 893 2644 975 cognoverat,
2693 892 2773 957 ad
2800 891 2968 957 hanc

615 999 1005 1085 provinciam
1067 999 1635 1066 administrandam
1679 998 1989 1064 hortatur.
2081 998 2172 1063 Hi
2215 1000 2469 1064 tantum
2512 997 2709 1063 officii
2767 997 2967 1063 Lant-

614 1105 831 1190 gravio
899 1106 1205 1190 denegare
1250 1125 1375 1171 non
1421 1104 1722 1174 audentes
1792 1103 2157 1188 compositis
2219 1105 2408 1169 rebus
2454 1103 2587 1169 suis
2635 1123 2701 1169 se
2744 1104 2966 1168 Mena-

616 1212 881 1278 sterium
924 1212 1127 1278 ituros
1159 1231 1439 1297 onusque
1473 1211 1598 1276 sibi
1645 1210 2014 1295 impositum
2053 1229 2166 1294 pro
2198 1210 2444 1276 viribus
2476 1210 2608 1276 suis
2641 1210 2965 1275 subituros

614 1318 949 1403 recipiunt.
1012 1318 1133 1384 Sed
1177 1318 1549 1402 priusquam
1587 1316 1659 1381 hi
1691 1336 1756 1382 se
1785 1316 2004 1382 itineri
2035 1319 2099 1382 et
2142 1316 2427 1400 periculo
2475 1316 2961 1398 committerent,

614 1444 729 1509 per
773 1424 1014 1509 aliquot
1057 1423 1481 1489 hebdomadas
1512 1424 1685 1489 intra
1726 1423 1996 1507 parietes
2029 1442 2172 1489 suos
2204 1423 2282 1488 de
2312 1423 2501 1488 rebus
2546 1422 2782 1487 futuris
2814 1441 2964 1487 con-

616 1532 862 1597 sultant
906 1534 971 1596 et
1015 1517 1313 1596 adversus
1382 1530 1844 1614 anabaptistica
1905 1532 2189 1595 monstra
2231 1529 2426 1595 sacris
2482 1528 2686 1594 literis
2732 1527 2968 1593 acriter

596 1655 748 1703 sese
794 1638 1057 1702 armant.

824 1741 1291 1808 Transfluviani
1322 1761 1567 1826 quoque
1598 1742 1882 1808 coenobii
1911 1742 2188 1826 virgines
2207 1743 2234 1782 ⁸
2263 1760 2424 1806 novo
2458 1739 2963 1824 evangelicorum

612 1849 847 1933 spiritu
890 1850 1315 1915 inflammatae
1347 1849 1750 1916 Germanicos
1797 1849 2073 1932 psalmos
2119 1848 2188 1913 in
2226 1847 2463 1931 templo
2509 1846 2768 1911 interim
2810 1865 2962 1929 pro-

608 1955 850 2022 miscue
909 1955 1257 2038 cantillare,
1327 1957 1474 2021 vota
1521 1974 1637 2021 sua
1679 1954 2056 2038 vivendique
2122 1954 2499 2019 institutum
2541 1954 2958 2035 contemnere,

606 2061 1077 2146 professionem·
1108 2081 1287 2127 suam
1331 2080 1446 2144 pro
1490 2060 1696 2127 nihilo
1754 2060 1999 2143 habere,
2073 2059 2508 2126 archivestalis
2554 2059 2731 2124 frena
2774 2077 2960 2123 excu-

607 2168 758 2249 tere,
807 2167 986 2232 nulla
1014 2167 1302 2232 ciborum
1343 2166 1714 2231 discrimina
1743 2166 1962 2248 facere,
2013 2166 2089 2231 de
2118 2166 2348 2231 habitu
2391 2163 2694 2230 mutando
2724 2162 2960 2228 mussi-

609 2274 744 2339 tare
789 2273 989 2356 deque
1032 2272 1318 2338 liberiori
1362 2272 1497 2337 vita
1542 2272 1871 2337 somniare.
1941 2271 2057 2336 Ida
2099 2290 2245 2336 vero
2292 2269 2370 2336 de
2415 2270 2700 2350 Mervelt‚
2749 2267 2959 2334 archi-

604 2378 885 2460 vestalis,
936 2397 1083 2443 cum
1149 2379 1478 2462 perpaucis
1539 2378 1683 2444 aliis
1751 2377 1914 2443 hanc
1960 2378 2284 2461 virginum
2329 2395 2587 2442 suarum
2630 2373 2959 2441 lasciviam

607 2484 734 2551 sibi
779 2484 1113 2569 displicere
1142 2485 1366 2551 multis
1413 2484 1740 2551 lachrimis
1774 2487 1838 2550 et
1883 2484 2155 2570 querelis
2202 2484 2434 2550 testata
2478 2484 2591 2548 est.
2654 2478 2825 2560 Quae
2853 2499 2956 2546 res

607 2611 753 2657 cum
799 2592 879 2657 ad
924 2591 1280 2676 principem
1322 2592 1566 2677 perlata
1609 2594 1793 2674 esset,
1838 2591 1908 2656 in
1951 2591 2108 2656 haec
2151 2592 2342 2656 verba
2387 2590 2467 2655 ad
2511 2590 2721 2655 totum
2756 2586 2957 2671 virgi-

369 2712 440 2755 ιο.
468 2710 578 2757 oet.
605 2716 796 2763 neum
842 2699 1091 2763 coetum
1141 2700 1240 2764 10.
1274 2698 1567 2764 Octobris
1615 2698 1841 2763 scribit
1857 2701 1912 2763 ⁴:
1975 2698 2051 2764 Se
2096 2697 2408 2781 accepisse
2451 2696 2779 2780 plerasque
2823 2693 2958 2758 vir-

602 2804 783 2890 gines
829 2803 1297 2870 Transfluviani
1362 2804 1731 2869 monasterii
1774 2803 2096 2870 mundana
2139 2803 2413 2887 quadam
2458 2801 2717 2867 levitate
2761 2819 2957 2866 vano-

599 3034 670 3072 an
707 3016 812 3071 den
848 3016 1065 3085 Herzog
1100 3015 1237 3070 Karl
1272 3033 1378 3071 von
1416 3015 1672 3086 Geldern,
1708 3015 1852 3071 nach
1884 3015 2143 3072 walchem
2182 3015 2279 3070 der
2312 3012 2542 3069 Bischof
2574 3013 2672 3068 das
2711 3011 2957 3067 Geriicht

597 3105 689 3160 fiir
724 3104 950 3160 unwahr
986 3103 1208 3174 chth,
1243 3103 1387 3159 nach
1422 3103 1546 3159 dem
1581 3104 1699 3159 ihm
1734 3105 1865 3159 aber
1898 3121 2003 3159 von
2039 3094 2223 3159 seiten
2249 3102 2542 3173 Burgunds
2576 3101 2822 3171 Anu-age
2857 3117 2954 3171 ge-

597 3194 785 3249 macht
819 3193 1035 3250 worden
1072 3194 1238 3263 scien,
1278 3193 1367 3247 die
1403 3209 1462 3248 er
1495 3192 1654 3247 nicht
1688 3192 1957 3263 ger-adem
1992 3209 2098 3247 von
2135 3193 2232 3247 der
2265 3190 2429 3246 Hand
2464 3192 2731 3262 gewiesen
2766 3188 2953 3258 habe).

815 3300 858 3370 ¹)
893 3300 1074 3355 Ueber
1109 3299 1361 3355 Theodor
1394 3299 1679 3354 Fabricius
1731 3298 1842 3370 vgl.
1878 3298 2171 3354 besonders
2208 3298 2268 3355 G.
2306 3298 2370 3353 A.
2409 3297 2806 3353 Cornelius:
2846 3297 2953 3351 Die

595 3387 1031 3444 Miinsterischcn
1066 3387 1430 3442 Humanisten
1480 3387 1753 3456 (Miinster
1791 3385 1954 3455 1851)
2006 3386 2061 3442 S.
2100 3387 2167 3441 31
2189 3387 2248 3443 ff.
2305 3386 2417 3442 und
2470 3386 2583 3442 Th.
2618 3384 2952 3442 Volbehr:

595 3475 705 3530 Zur
740 3474 934 3531 Gesch.
973 3476 1025 3532 d.
1061 3473 1494 3530 Mfinsterischen
1518 3474 1800 3543 Unruhen,
1837 3476 1896 3529 in
1932 3475 2037 3530 den
2077 3474 2496 3545 „Mitteilungen
2533 3491 2631 3530 aus
2669 3474 2792 3529 dem
2829 3491 2953 3544 ger·

594 3565 911 3620 manischen
945 3562 1488 3619 Nationalmuseum“
1528 3562 1632 3617 Bd.
1659 3564 1693 3616 2
1732 3562 2047 3633 (Niirnberg
2074 3563 2235 3631 1889)
2274 3563 2330 3618 S.
2356 3562 2425 3617 97
2445 3563 2502 3617 ff.
2529 3591 2597 3601 —
2623 3562 2758 3617 Eine
2787 3561 2953 3629 „Vita

594 3651 866 3709 Theodori
901 3653 1143 3707 Fabricii
1196 3652 1265 3706 ab
1301 3653 1420 3722 ipso
1467 3668 1609 3705 anno
1652 3651 1790 3705 1565
1845 3649 1915 3705 ad
1951 3650 2095 3704 filios
2150 3667 2276 3706 suos
2332 3650 2669 3720 conscripta“
2710 3651 2810 3704 hat
2845 3649 2953 3706 Th.

591 3758 642 3797 v.
668 3741 844 3797 Hase
879 3742 938 3797 in
976 3741 1073 3796 der
1112 3738 1491 3809 „Bibliotheca
1526 3739 1867 3794 Bremensis“
1909 3738 2112 3793 Classis
2148 3738 2230 3795 IV
2264 3739 2400 3795 fasc.
2428 3740 2456 3793 1
2497 3739 2746 3806 (Bremae
2785 3738 2949 3806 1719)

592 3828 648 3885 S.
686 3830 756 3884 65
774 3829 833 3886 ff.
869 3828 1331 3900 herausgegeben.
1405 3826 1476 3882 So
1518 3827 1649 3881 kurz
1689 3827 1769 3881 sie
1805 3825 1947 3881 auch
1988 3826 2089 3880 auf
2120 3825 2209 3881 die
2244 3826 2640 3882 Miinsterische
2677 3827 2799 3881 Zeit
2833 3828 2949 3882 ein·

591 3916 742 3989 geht,
779 3918 957 3974 bietet
992 3918 1072 3972 sie
1110 3916 1249 3971 doch
1287 3916 1467 3987 cinige
1501 3914 1777 3985 wichtigc‚
1816 3918 2002 3985 spater
2035 3914 2177 3969 noch
2212 3914 2617 3970 anzuffihrende
2651 3914 2907 3971 Notizen.

805 4005 850 4074 ⁹)
885 4006 992 4061 Die
1031 4004 1616 4072 Quellennachrichten
1667 4004 1804 4059 fiber
1837 4003 1951 4073 ibn,
2008 4004 2198 4060 soweit
2232 4005 2312 4058 sie
2366 4005 2515 4059 scine
2549 4003 2951 4060 Miinsterische

588 4094 913 4167 'rhafigkeit
936 4095 1218 4163 betreffen,
1256 4093 1412 4149 stelit
1435 4091 1496 4149 C.
1514 4093 1579 4149 A.
1605 4090 1993 4147 Cornelius:
2031 4092 2108 4146 M.
2133 4092 2197 4146 A.
2234 4090 2314 4146 H.
2351 4091 2406 4148 S.
2432 4092 2538 4147 347
2554 4091 2593 4148 f.
2619 4108 2948 4148 zusammen.

805 4182 852 4253 ⁸)
887 4183 1015 4255 Vgl.
1053 4183 1195 4239 auch
1231 4181 1461 4238 Kerss.’s
1497 4180 1754 4236 frdheren
1789 4179 2017 4236 Bericht
2072 4181 2208 4235 fiber
2242 4181 2340 4236 das
2375 4179 2599 4237 Kloster
2640 4196 2708 4235 zu
2740 4181 2950 4237 Ueber-

586 4288 789 4328 wasser
821 4271 924 4329 Bd.
952 4276 980 4327 1
1021 4272 1076 4329 S.
1115 4270 1298 4328 280ff.
1334 4269 1448 4325 und
1483 4270 1622 4326 oben
1658 4268 1715 4324 S.
1751 4269 1876 4324 403.

804 4359 850 4431 ⁴)
884 4360 1001 4417 Ans
1034 4360 1360 4416 Ffirstenau.
1430 4359 1684 4430 Konzept
1716 4358 1796 4412 im
1831 4356 2004 4414 Sta-A.
2039 4357 2116 4414 M.
