3259 5075
527 323 532 328 ’
584 314 718 381 594
1444 313 1630 379 Anno
1680 315 1852 380 1534
1897 315 2054 380 acta.

583 510 729 557 cum
798 511 870 556 ex
938 489 1267 574 oppidanis
1336 491 1589 555 tanturn
1655 489 1971 556 Antonius
2024 489 2418 556 Guldenarm
2488 492 2554 555 et
2620 489 2932 555 Henricus

583 598 935 663 Mer-schius
981 615 1129 661 cum
1159 599 1298 661 octo
1345 597 1491 662 aliis
1512 589 1516 593 ’
1538 597 1843 681 gregariis
1892 596 2252 662 interierint
2269 601 2311 662 ¹.
2387 597 2455 663 Si
2485 598 2697 662 omnia
2740 596 2935 662 simul

584 706 790 769 castra
836 703 1081 767 decreto
1127 703 1408 785 tempore
1455 703 1749 768 omnibus
1795 705 1981 768 rebus
2048 703 2285 786 paratis
2332 703 2748 786 irruptionem
2794 705 2935 768 ten-

583 812 841 892 tassent,
891 809 1134 874 felicius
1184 829 1280 874 res
1326 809 1488 874 forte
1533 810 1885 874 cessissent.

796 918 888 980 Ex
933 916 1050 980 hac
1097 914 1333 980 recenti
1380 915 1649 980 victoria
1680 934 1825 979 cum
1872 914 2172 999 oppidani
2217 912 2489 978 feliciter
2535 932 2792 978 suarum
2836 911 2935 978 vi-

584 1023 755 1089 rium
797 1022 1151 1106 periculum
1208 1022 1530 1102 fecissent,
1601 1021 1963 1086 audaciores
2009 1020 2245 1085 redditi
2290 1020 2495 1085 multa
2538 1021 2607 1084 in
2653 1020 2935 1085 hostium

583 1129 927 1214 perniciem
958 1128 1184 1193 callide
1216 1127 1679 1192 machinantur.
1739 1127 2029 1192 Primum
2062 1126 2232 1191 enim
2261 1126 2438 1190 iuxta
2468 1128 2718 1208 portam
2747 1123 2937 1189 Iude-

584 1236 900 1301 feldanam
946 1255 1017 1299 ex
1063 1235 1219 1299 urbe
1265 1253 1377 1317 per
1422 1252 1712 1316 aggerem
1774 1232 2103 1298 cumulum
2162 1234 2361 1316 agunt
2405 1251 2674 1315 eumque
2738 1230 2936 1314 lignis

585 1341 1049 1408 robustioribus
1095 1339 1290 1419 intus,
1337 1360 1416 1404 ne
1447 1359 1638 1423 agger
1668 1340 1974 1421 subsidat,
2023 1340 2300 1404 fulciunt
2337 1341 2401 1404 et
2429 1338 2661 1403 fossam
2692 1340 2938 1402 utram-

584 1468 706 1533 que
752 1447 1097 1531 ponticulis
1163 1446 1444 1530 iungunt
1463 1449 1504 1511 ².
1598 1446 1723 1511 Per
1765 1446 1929 1511 hanc
1974 1445 2145 1511 viam
2190 1444 2485 1510 hostibus
2546 1444 2939 1528 incognitam

585 1554 885 1638 oppidani
933 1553 1173 1637 aliquot
1202 1554 1413 1617 animo
1446 1571 1635 1636 quam
1666 1552 1910 1617 viribus
1941 1552 2209 1616 maiores
2238 1553 2397 1616 urbe
2427 1553 2657 1616 exeunt
2686 1569 2940 1633 operas-

585 1679 708 1746 que
740 1660 907 1725 inter
953 1680 1017 1725 se
1048 1660 1433 1742 partiuntur.
1497 1659 1630 1723 Alii
1679 1659 1847 1724 enim
1881 1658 2239 1742 chalybeios
2271 1660 2498 1739 clavos,
2549 1657 2662 1722 alii
2705 1657 2936 1722 ferreos

584 1766 863 1848 malleos,
913 1766 1025 1831 alii
1070 1765 1433 1849 grandiores
1475 1785 1741 1848 secureS,
1790 1765 1902 1830 alii
1949 1766 2203 1830 strictos
2235 1784 2429 1846 enses,
2477 1764 2589 1828 alii
2635 1764 2938 1847 bipennes

586 1873 801 1939 ferunt
844 1875 926 1954 et,
976 1891 1052 1937 ne
1084 1872 1285 1938 hostis
1327 1891 1543 1937 eorum
1589 1872 1931 1937 adventum
1976 1872 2377 1955 praesentiat,
2425 1871 2610 1955 proni
2652 1890 2766 1954 per
2807 1871 2938 1934 ter-

585 1999 724 2044 ram
754 1997 954 2062 usque
998 1977 1077 2043 ad
1121 1979 1406 2044 hostiurn
1453 1979 1789 2043 stationem
1820 1981 1886 2044 et
1927 1978 2182 2062 vigilias
2230 1978 2489 2044 diurnas
2520 1979 2768 2061 repunt.
2835 1975 2938 2041 Ibi

586 2088 838 2168 praeter
902 2104 1079 2168 spem
1132 2085 1201 2149 in
1260 2085 1542 2151 hostium
1612 2085 1948 2150 stationem
2017 2085 2311 2150 diurnam
2379 2084 2592 2149 subito
2659 2083 2933 2165 irruunt,

586 2190 893 2275 quosdam
940 2192 1076 2256 alea
1119 2190 1427 2273 ludente8‚
1477 2190 1781 2275 quosdam
1829 2191 2170 2274 potitantes
2211 2191 2463 2256 aliudve
2505 2193 2754 2274 praeter
2798 2188 2939 2253 offi-

588 2297 762 2362 cium
808 2316 996 2363 suum
1042 2300 1293 2380 agentes
1340 2297 1610 2362 inermes
1660 2297 1888 2363 armati
1935 2298 2306 2382 opprimunt
2350 2298 2415 2361 et
2459 2315 2589 2378 eos,
2656 2295 2769 2378 qui
2814 2292 2941 2359 sibi

589 2402 742 2485 fuga
787 2402 1057 2468 salutem
1101 2422 1227 2467 non
1259 2404 1670 2487 quaesierant,
1720 2404 2086 2488 priusquam
2134 2423 2309 2469 arma
2337 2403 2740 2486 corriperent,
2790 2401 2942 2467 ado-

590 2507 864 2591 riuntur,
915 2509 1210 2574 sternunt
1240 2510 1303 2574 et
1333 2510 1630 2576 mactant.
1696 2509 1829 2575 Alii
1860 2511 2067 2576 clavos
2114 2510 2475 2595 chalybeios
2521 2506 2940 2576 foraminibus

587 2614 801 2698 parvis
847 2615 1275 2680 novemdecim
1320 2616 1814 2681 bombardarum
1859 2616 2030 2682 intra
2062 2616 2275 2683 vineas
2307 2616 2778 2699 dispositarum,
2830 2633 2944 2697 per

589 2733 788 2804 quae⁸
831 2720 1000 2804 ignis
1047 2720 1441 2802 immittitur,
1515 2723 1756 2806 aptant,
1815 2723 1929 2788 alii
1976 2721 2193 2788 ferreis
2239 2723 2487 2789 malleis
2535 2741 2655 2804 eos,
2706 2721 2944 2805 quanta

591 2826 660 2891 vi
704 2827 989 2910 possunt,
1038 2826 1336 2911 adigunt,
1406 2826 1519 2891 alii
1565 2830 1733 2893 rotas
1779 2829 2237 2894 tormentorum
2284 2827 2800 2911 receptaculaque
2844 2843 2944 2890 se-

589 2932 849 2999 curibus
881 2935 1095 2998 secant
1125 2934 1206 3015 et,
1255 2935 1564 3017 quantum
1595 2937 1847 3018 tempus
1878 2934 2140 3018 patitur,
2176 2935 2388 2999 omnia
2433 2934 2755 3017 frangunt,
2804 2951 2944 2998 cor-

591 3042 898 3123 rumpunt
943 3040 1009 3104 et
1051 3040 1344 3124 perdunt.
1416 3040 1750 3105 Pulverem
1795 3041 1987 3105 etiam
2031 3039 2345 3106 nitratum
2388 3041 2457 3104 in
2488 3059 2718 3124 magna
2762 3038 2945 3122 copia

590 3145 686 3210 ibi
731 3148 1051 3229 repertum
1095 3147 1332 3230 passim
1377 3166 1491 3230 per
1534 3166 1788 3212 arenam
1833 3150 2140 3231 spargunt
2156 3148 2202 3212 ⁸.
2267 3147 2517 3212 Interea
2560 3166 2674 3230 per
2701 3146 2946 3211 vallum

805 3374 855 3443 ⁸)
893 3376 1003 3429 Ma.
1014 3394 1031 3429 .·
1066 3392 1243 3446 quem.

590 3640 690 3694 der
722 3638 952 3694 Bischof
986 3657 1205 3711 „gewan
1244 3641 1374 3695 aber
1408 3641 1588 3695 nichts
1626 3640 1768 3696 denn
1798 3641 1929 3696 eitel
1952 3641 2246 3697 verder-ben
2285 3642 2461 3696 seinos
2485 3640 2688 3711 volcks,
2724 3640 2947 3696 sender-

589 3728 702 3783 lich
741 3728 838 3783 der
871 3729 1123 3797 Meisner‚
1161 3729 1324 3784 deren
1362 3746 1481 3785 seer
1515 3729 1622 3785 viel
1659 3731 2032 3786 umbkamen.“

810 3836 852 3904 ¹)
888 3836 1001 3890 Das
1038 3836 1308 3891 berichtet
1343 3852 1447 3890 nur
1470 3836 1653 3892 Keras.
1701 3836 1786 3891 Im
1813 3837 2118 3907 Gegensatz
2156 3837 2293 3891 dazu
2332 3842 2460 3908 sag-t
2494 3838 2564 3892 H.
2592 3836 2950 3891 Gresbeck

591 3922 647 3977 S.
686 3924 782 3977 53:
845 3964 890 3991 „.
913 3963 961 3977 ..
999 3924 1114 3978 und
1169 3924 1257 3979 die
1302 3925 1727 3996 wiederdoepers
1780 3925 1960 3980 lieden
1998 3926 2098 3980 ock
2149 3926 2384 3981 schaden
2438 3928 2496 3980 in
2534 3925 2630 3980 der
2667 3928 2780 3980 stat
2833 3924 2948 3979 und

588 4011 787 4067 licttcn
822 4013 929 4067 viel
967 4013 1158 4069 deden.
1230 4013 1344 4068 Auf
1394 4013 1702 4068 demselven
1738 4018 1907 4069 storm
1959 4014 2154 4068 lietten
2194 4014 2282 4069 die
2317 4014 2740 4084 wiederdoepers
2794 4012 2951 4067 mehr

590 4100 845 4167 schaden,
883 4100 989 4155 dan
1029 4103 1106 4156 sie
1143 4101 1323 4156 lieden
1361 4118 1434 4172 up
1473 4102 1595 4157 dem
1631 4102 1809 4157 lesten
1847 4104 2064 4158 storm.“

808 4188 852 4257 ⁹)
889 4189 1016 4259 vgl.
1053 4189 1191 4244 dazu
1227 4190 1298 4246 Η.
1338 4190 1757 4245 Gresbeck’s
1800 4191 2027 4245 Bericht
2081 4191 2135 4246 S.
2175 4191 2244 4245 56
2264 4192 2302 4246 f.
2342 4207 2396 4246 u.
2436 4191 2555 4245 177.

809 4276 855 4346 ³)
889 4277 1010 4332 Den
1047 4277 1260 4332 Ausfall
1299 4295 1395 4333 zur
1429 4279 1817 4349 Vernagelung
1853 4279 1949 4333 dor
1984 4279 2315 4334 feindlichen
2354 4279 2656 4333 Geschiitze
2703 4277 2951 4334 erwahnt

592 4363 735 4419 auch
771 4365 841 4419 H.
880 4365 1232 4420 Gresbeck
1287 4365 1341 4421 S.
1379 4367 1526 4422 5211.
1598 4368 1989 4438 Ebensowenig
2036 4369 2137 4422 wie
2173 4368 2354 4423 Kerss.
2393 4369 2548 4438 giebt
2583 4385 2641 4422 er
2691 4367 2781 4421 ffit
2817 4366 2950 4420 den-
