3259 5075
1119 265 1303 330 Anno
1363 265 1528 330 1533
1574 265 1732 329 acta.
2468 265 2602 329 399

211 457 329 506 non
364 458 520 505 esse
559 442 861 523 alienam,
910 442 975 506 et
1003 460 1162 526 quae
1191 440 1261 504 in
1292 441 1586 506 concione
1634 440 1893 525 publica
1921 439 2168 522 dixerit,
2220 460 2303 522 so,
2353 441 2409 505 si
2444 460 2600 525 opus

207 549 310 628 sit,
359 569 613 617 coram
659 552 1143 635 quibuscunque
1189 550 1391 616 doctis
1422 550 1830 616 defensurum
1876 551 2212 634 respondet
2231 552 2273 613 ¹.
2339 547 2427 612 At
2455 567 2602 613 cum

201 658 481 722 senatus
521 659 677 723 eius
709 659 800 724 rei
834 659 1143 742 scriptum
1188 660 1472 741 posceret
1501 658 1877 740 exemplum,
1926 678 1991 722 se
2022 655 2187 722 illud
2226 662 2321 721 11).
2357 656 2600 740 Aprilis
2629 673 2697 716 w·
2726 667 2887 725 Aps-u.

197 760 542 828 daturum
620 763 979 849 pollicetur.
1074 762 1210 843 Quo
1256 763 1447 828 etiam
1496 762 1598 829 die
1642 763 1833 829 fldem
1880 764 2142 830 exsolvit
2161 766 2201 828 ².
2296 762 2606 829 Similiter

197 868 668 951 Begewardus
725 869 1079 935 doctrinam
1125 889 1304 935 suam
1348 889 1414 935 se
1461 870 1870 936 defensurum
1914 872 2151 954 recepit
2196 870 2261 935 et
2305 870 2603 935 continuo

195 974 704 1041 confessionem
752 995 903 1042 suae
947 978 1269 1042 doctrinae
1314 977 1617 1061 scriptam
1664 978 1914 1044 senatui
1961 977 2197 1044 obtulit
2215 978 2257 1042 ⁸.
2337 977 2604 1043 Senatus

203 1082 588 1167 utriusque
633 1084 946 1167 scriptum
989 1083 1183 1149 altius
1230 1083 1562 1166 examinat,
1610 1084 1720 1150 sed
1765 1103 1911 1149 cum
1955 1083 2132 1149 favor
2162 1083 2243 1149 ad
2281 1083 2605 1167 Regewar-

201 1189 372 1253 dum
405 1190 793 1272 inclinaret,
828 1190 1275 1256 confessionem
1307 1190 1701 1256 Steinmanni
1734 1192 2095 1256 ob*scuram
2129 1209 2280 1271 6666,
2323 1209 2435 1254 1166
2465 1208 2604 1255 66111
2628 1203 2727 1276 ⁸p.
2763 1205 2888 1259 361.

205 1314 278 1360 se
323 1295 722 1381 intelligere
787 1296 1132 1362 simulavit.
1215 1296 1498 1361 Proinde
1554 1300 1649 1362 15.
1699 1296 1940 1381 Aprilis
2002 1296 2136 1362 eius
2205 1295 2604 1379 explicandae
2632 1314 2700 1356 1⁶.
2727 1308 2889 1365 Api-u.

204 1402 444 1487 gratia
497 1403 584 1468 ad
631 1403 873 1467 curiam
919 1406 1261 1468 revocatur.
1334 1402 1452 1467 Ille
1484 1423 1550 1468 se
1581 1406 1923 1469 venturum
1967 1422 2100 1469 6666
2131 1405 2335 1487 negat.
2399 1402 2605 1482 Quare

210 1510 368 1574 octo
419 1510 568 1574 viri
612 1529 650 1574 a
695 1510 920 1575 senatu
986 1509 1352 1589 mittuntur,
1423 1509 1536 1593 qui
1582 1509 2064 1592 explicationem
2116 1511 2195 1574 ab
2241 1508 2354 1574 illo
2400 1508 2605 1573 extor-

209 1619 488 1699 queant
535 1616 888 1701 quibusque
934 1616 1281 1698 scripturae
1341 1615 1494 1680 locis
1542 1634 1656 1680 sua
1701 1617 2149 1700 comprobaret.
2242 1616 2327 1681 Et
2372 1615 2489 1681 hoc
2537 1633 2604 1680 66

213 1721 578 1788 facturum
623 1723 844 1807 negat3
907 1742 974 1787 66
1019 1722 1189 1787 6111111
1248 1724 1501 1787 senatus
1548 1721 2108 1806 Warendorpensis
2167 1720 2432 1806 imperio
2478 1740 2606 1786 non

220 1829 634 1910 subiectum,
684 1850 750 1894 se
794 1849 1005 1894 coram
1049 1828 1251 1894 doctis
1299 1847 1535 1912 suoque
1579 1829 1977 1912 magistratu,
2032 1849 2155 1895 non
2201 1847 2411 1894 coram
2456 1828 2602 1893 lite-

228 1954 478 2000 rarum
520 1936 850 2020 imperitiS,
900 1955 1015 2000 nec
1054 1936 1132 2001 ab
1165 1935 1504 2001 adversarii
1549 1935 1838 2000 doctrina
1883 1935 2303 2018 pendentibus
2350 1952 2605 1999 causam

233 2061 439 2106 suam
485 2045 792 2107 acturum.
858 2042 1019 2108 Cum
1050 2061 1195 2107 vero
1227 2044 1481 2106 senatus
1527 2041 1696 2106 nihil
1742 2042 1898 2107 certi
1931 2061 1968 2106 a
2003 2041 2407 2108 Steinmanno
2456 2061 2604 2107 con-

236 2148 440 2231 sequi
483 2151 713 2231 posset,
759 2150 1139 2233 legationem
1187 2147 1437 2213 consilii
1467 2148 1760 2232 capiendi
1805 2167 1993 2214 causa
2028 2148 2107 2213 ad
2140 2145 2604 2214 concionatores

248 2254 851 2320 Monasteriensium
895 2255 1284 2340 aliarumque
1331 2255 1589 2320 urbium
1635 2255 1858 2320 mittit.
1918 2254 2042 2335 Qui
2090 2274 2235 2319 cum
2280 2255 2606 2338 Regewar-

250 2359 416 2425 dum
457 2362 616 2426 bene
662 2362 1098 2427 concionatum
1146 2383 1280 2428 esse
1325 2362 1798 2445 responderent,
1849 2361 2140 2426 certatim
2185 2363 2322 2427 61116
2370 2361 2605 2426 doctri-

256 2485 410 2531 nam
453 2467 620 2532 cives
674 2467 1161 2552 amplectuntur,
1230 2469 1520 2534 certatim
1566 2469 1636 2533 in
1682 2469 1938 2553 templis
1984 2469 2388 2536 Germanicos
2437 2470 2606 2553 psal-

257 2592 398 2638 mos
427 2576 778 2640 cantillant.
847 2577 1114 2640 Iubetur
1142 2576 1356 2657 itaque
1389 2575 1834 2641 Steinmannus
1882 2576 2064 2641 silere
2082 2579 2126 2641 ⁴.
2189 2576 2606 2659 Regewardus

263 2699 410 2745 vero
455 2683 964 2747 concionatorum
1030 2682 1265 2748 iudicio
1333 2682 1533 2747 fretus
1582 2701 1695 2747 1166
1741 2702 1864 2747 11011
1914 2683 2123 2747 favore
2188 2683 2497 2748 senatorio
2544 2683 2609 2747 et

264 2787 556 2869 populari
601 2792 778 2853 tutus
815 2789 1058 2869 maiori,
1107 2807 1299 2871 quam
1346 2788 1668 2870 hactenuS,
1718 2788 1987 2871 parrisia
2031 2789 2241 2854 utitur
2284 2809 2397 2854 nec
2429 2790 2607 2871 quic-

261 2911 454 2975 quam
496 2894 643 2976 iam,
694 2896 862 2978 quod
894 2914 932 2959 a
962 2895 1249 2961 doctrina
1293 2896 1714 2978 praeceptoris
1761 2895 1861 2960 sui
1899 2895 2283 2960 Rothmanni
2328 2896 2605 2961 alienum

267 2999 369 3081 sit,
417 3001 615 3066 docet.
707 3002 875 3084 Erpo
922 3004 1133 3068 autem
1179 3000 1531 3067 Hollandus
1552 3002 1595 3082 ⁶,
1646 3001 1824 3083 civis,
1874 3001 2001 3066 imo
2048 3005 2297 3067 senator
2342 3002 2608 3066 Waren-

261 3104 610 3189 dorpensis,
681 3127 828 3190 prae
875 3108 1136 3192 reliquis
1181 3107 1542 3192 Regewardi
1610 3107 2015 3173 concionibus
2064 3108 2491 3173 inflammatus
2540 3109 2608 3172 in

265 3211 486 3277 fanum
530 3214 604 3279 D.
637 3215 854 3279 Annae
901 3217 1332 3279 consecratum
1377 3213 1555 3279 iuxta
1600 3213 1902 3297 oppidum
1950 3214 2146 3280 situm
2192 3234 2305 3280 sua
2335 3214 2609 3280 auctori·

261 3319 409 3400 tate,
446 3338 573 3403 qua
601 3321 836 3403 pollere
867 3321 1208 3387 arbitratus
1234 3323 1346 3403 est,
1381 3320 1572 3386 irruit
1600 3321 1892 3404 illudque
1924 3324 2325 3404 ornamentiS‚
2360 3340 2611 3405 campa-

483 3552 526 3616 ¹)
568 3550 636 3604 In
674 3551 1010 3621 Steymann's
1046 3550 1271 3605 Bericht
1306 3551 1473 3605 heisst
1500 3568 1581 3605 es:
1626 3551 1772 3616 „Dar
1798 3568 1868 3620 up
1906 3551 1996 3605 ich
2032 3553 2334 3620 geantwort
2369 3550 2478 3604 und
2517 3567 2611 3621 ge-

259 3638 443 3705 666111,
498 3639 537 3693 i.
577 3639 616 3692 f.
654 3657 708 3708 g.
747 3658 810 3709 sy
859 3658 984 3709 myn
1022 3643 1231 3694 overste
1286 3639 1490 3694 richter
1543 3639 1656 3693 und
1706 3638 1976 3705 landthcr,
2031 3638 2153 3692 dcm
2190 3638 2295 3709 wyl
2351 3639 2439 3693 ich
2494 3642 2613 3709 myt

259 3727 480 3798 gnaden
518 3744 679 3796 mync
716 3728 1067 3799 bekennynge
1105 3727 1215 3782 und
1252 3727 1539 3798 predickcn
1583 3726 1990 3797 schryfftlicken
2026 3726 2331 3798 toferdigen
2368 3726 2607 3782 lathen.“

485 3815 532 3882 ²)
571 3815 911 3886 Steymann's
952 3817 1247 3881 „confessio
1285 3816 1352 3870 (16
1377 3820 1713 3871 sacramento
1751 3817 1987 3885 corporis
2014 3814 2266 3883 Christi‚“
2310 3833 2398 3870 am
2422 3816 2474 3871 5.
2498 3816 2614 3870 Mai

262 3905 384 3959 dem
418 3904 654 3960 Bischos
687 3905 1021 3975 eingesandt,
1059 3906 1300 3961 befindet
1334 3905 1449 3960 sich
1490 3906 1566 3959 im
1604 3906 1755 3975 Orig.
1792 3906 1869 3957 im
1906 3904 2075 3959 Str-A.
2112 3904 2186 3959 M.

479 3993 525 4062 ³)
562 3994 903 4065 Regcward's
944 3995 1272 4061 „confessio“
1314 3996 1388 4049 ist
1424 3995 1577 4049 nicht
1613 3993 1767 4048 mehr
1802 3993 2186 4049 naehweisbar.

478 4083 526 4150 ⁴)
563 4083 782 4137 Darauf
785 4083 878 4138 hin
904 4084 1112 4138 schickt
1139 4102 1196 4139 er
1221 4085 1342 4139 dem
1366 4084 1593 4139 Bischof
1611 4084 1798 4139 66111611
1824 4083 1962 4138 011611
1987 4084 2347 4154 angefiihrtcn
2372 4083 2612 4139 Bericht.

479 4172 524 4240 ὅ)
561 4172 636 4226 Er
672 4189 784 4226 war
819 4177 1001 4243 spater-
1038 4174 1184 4227 eines
1221 4173 1316 4228 der
1350 4173 1598 4243 Haupter
1635 4172 1731 4227 der
1761 4171 2158 4227 Wiedertaufer
2194 4175 2249 4226 in
2277 4172 2613 4228 Warendorf.

263 4259 390 4330 Vgl.
427 4262 543 4314 sein
594 4261 929 4316 Bekenntnis
983 4278 1106 4316 vom
1141 4263 1229 4316 23.
1266 4262 1389 4319 Oct.
1431 4261 1566 4316 1534
1601 4262 1691 4317 bei
1725 4260 1780 4316 J.
1817 4260 1872 4315 N
1882 4260 2120 4316 iescrt:
2159 4260 2309 4317 U.-S.
2345 4260 2393 4318 Ι.
2432 4261 2488 4316 S.
2525 4261 2616 4331 61,

262 4348 375 4403 und
411 4348 512 4405 das
549 4350 880 4405 Gestandnis
918 4349 1192 4405 Gottfried
1230 4350 1492 4406 Stralen’s
1528 4368 1652 4405 vom
1686 4351 1775 4404 2².
1813 4349 1934 4405 Oct.
1975 4349 2112 4405 1534
2148 4350 2401 4406 ebendas.
2439 4350 2494 4405 S.
2525 4351 2616 4407 58.
