3259 5075
578 319 713 385 458
1444 316 1628 384 Anno
1683 319 1853 385 1533
1897 320 2056 386 aeta.

362 512 408 557 ε.
434 507 552 553 Des-
580 494 848 579 spondet
865 498 920 561 ¹:
989 494 1154 561 Cum
1196 495 1537 562 transactio
1582 495 1653 560 in
1697 514 1888 561 causa
1943 494 2270 578 religionis
2314 493 2485 559 inter
2531 510 2597 558 se
2644 493 2710 558 et
2751 490 2930 574 prin-

580 601 785 685 cipem
832 601 919 667 sit
963 601 1143 685 inita,
1208 621 1274 667 se
1320 589 1466 687 ergo
1511 601 1810 668 adversus
1856 620 1994 667 eam
2050 600 2299 666 nullam
2343 619 2382 665 a
2424 599 2712 683 principe
2757 595 2929 662 ordi-

575 706 899 772 nationem
943 709 1057 773 aut
1101 708 1608 774 reformationem
1654 707 2098 773 admissurum.
2178 707 2255 773 Se
2287 705 2458 771 enim
2501 705 2570 769 in
2601 701 2931 787 religionis

578 812 828 897 negotio
876 812 1289 879 christianam
1319 813 1798 897 dispositionem
1843 811 2304 897 conscripsisse,
2339 811 2697 896 publicasse
2740 810 2931 891 atque

289 932 322 964 ¹⁸¹
337 950 392 1006 p.
428 933 553 992 405.
578 918 865 984 unanimi
914 916 1240 985 *omnium
1284 919 1579 985 ordinum
1648 919 1969 1003 totiusque
2036 917 2421 1002 reipublicae
2463 934 2772 982 consensu
2816 932 2931 997 ap-

334 1465 404 1507 12.
427 1460 546 1508 Dez.

318 2735 390 2778 80.
416 2731 547 2778 Nov,

573 1026 869 1108 probasse
900 1027 965 1091 et
995 1025 1322 1110 accepisse,
1369 1044 1493 1110 qua
1511 1027 1538 1066 ²
1579 1024 1849 1110 gloriam
1878 1024 2017 1108 Dei,
2064 1024 2476 1091 christianam
2508 1020 2929 1101 concordiam,

573 1149 793 1214 pacem
836 1133 1026 1217 atque
1072 1133 1310 1198 civium
1357 1132 1626 1198 salutem
1672 1130 2074 1216 quaesierint.

788 1237 1163 1323 Quanquam
1228 1237 1522 1322 princeps
1581 1237 1979 1303 creberrimis
2040 1237 2170 1302 suis
2217 1236 2478 1302 monitis
2545 1234 2715 1299 nihil
2760 1231 2932 1316 apud

576 1345 867 1409 senatum
911 1345 1212 1427 efficeret,
1284 1344 1395 1410 sed
1440 1345 1696 1410 senatus
1742 1343 2152 1427 praefractior
2193 1343 2264 1408 in
2310 1341 2669 1427 recipiendo
2715 1340 2932 1404 Mum-

574 1450 779 1531 pertio
825 1450 1210 1532 redderetur,
1280 1452 1493 1515 tamen
1538 1450 1676 1515 eius
1723 1467 1978 1515 causam
2028 1451 2129 1515 12.
2177 1448 2543 1514 Decembris
2608 1448 2930 1531 postremo

575 1554 666 1620 sic
698 1555 899 1639 egit⁸z
949 1555 1087 1622 Sibi
1132 1558 1303 1622 certo
1351 1558 1635 1622 constare
1666 1555 2144 1639 Mumpertium,
2191 1575 2380 1639 quem
2423 1554 2932 1621 concionatorem

575 1663 809 1726 summi
873 1661 1099 1745 templi
1145 1662 1569 1745 constituerit,
1630 1664 1897 1728 verbum
1939 1662 2060 1727 Dei
2104 1682 2259 1747 pure
2305 1663 2370 1727 et
2415 1661 2552 1727 sine
2598 1657 2933 1725 seditionis

574 1786 646 1832 ac
692 1768 1053 1833 schismatis
1123 1767 1486 1833 concitandi
1552 1767 1766 1833 studio
1834 1767 2110 1833 fideliter
2176 1766 2481 1833 docuisse.
2577 1764 2716 1831 Sibi
2780 1782 2930 1847 ergo

572 1873 809 1940 mirum
854 1874 1083 1958 videri,
1148 1893 1264 1939 cur
1308 1875 1562 1939 senatus
1611 1873 1815 1938 eidem
1859 1875 2015 1939 urbe
2077 1873 2495 1938 interdixerit.
2592 1872 2670 1938 Se
2714 1870 2936 1953 itaque

574 1981 863 2046 senatum
905 1980 1141 2046 iterum
1186 1998 1455 2062 monere,
1519 1981 1597 2044 ut
1641 1979 1813 2044 hunc
1856 1979 2028 2044 intra
2072 1979 2320 2045 moenia
2364 1976 2574 2044 officio
2622 1996 2736 2043 suo
2782 1975 2933 2041 fun-

572 2088 826 2169 gentem
854 2086 1035 2151 ferat.
1095 2086 1163 2152 Si
1192 2104 1338 2151 vero
1384 2084 1547 2149 illud
1580 2103 1729 2149 cum
1761 2085 1928 2149 bona
1972 2104 2124 2169 pace
2167 2084 2499 2168 impetrari
2532 2103 2659 2149 non
2704 2081 2931 2166 possit,

574 2209 640 2255 se
670 2210 809 2256 eam
852 2210 987 2255 rem
1017 2190 1288 2274 tempori
1332 2189 1727 2255 committere
1774 2193 2075 2273 oportere.
2146 2189 2486 2256 Schedula:
2537 2188 2614 2254 Se
2660 2188 2933 2253 antehac

573 2314 613 2359 a
657 2296 878 2360 senatu
945 2296 1325 2378 postulasse,
1383 2296 1459 2359 ut
1518 2294 1892 2360 seditiosum
1961 2295 2463 2361 concionatorem
2530 2293 2934 2359 Bernardum

572 2400 1047 2465 Rothmannum
1091 2419 1238 2465 cum
1281 2400 1538 2484 collegis
1609 2401 1742 2466 suis
1789 2401 1945 2466 urbe
1991 2401 2301 2485 profliget,
2351 2403 2429 2467 ut
2474 2421 2594 2485 pax
2641 2403 2707 2466 et
2752 2401 2931 2464 tran-

572 2505 861 2591 quillitas
931 2508 1269 2590 quaeratur
1327 2508 1870 2592 conserveturque.
1965 2506 2087 2573 Sed
2131 2527 2280 2573 cum
2322 2507 2444 2573 hoc
2508 2506 2587 2573 ad
2633 2505 2933 2573 effectum

574 2611 858 2676 nondum
903 2611 991 2677 sit
1033 2612 1427 2695 perductum,
1473 2613 1711 2679 iterum
1757 2633 1822 2679 se
1866 2614 2036 2680 idem
2083 2614 2392 2698 flagitare.

789 2716 1117 2783 Fabricius
1161 2717 1363 2783 invito
1409 2718 1696 2802 principe
1736 2738 1916 2784 suam
1958 2721 2467 2787 reformationem
2514 2722 2620 2786 30.
2654 2719 2934 2786 Novem-

573 2821 708 2887 bris
751 2821 822 2886 in
865 2822 1104 2905 templo
1150 2824 1227 2888 D.
1272 2824 1597 2889 Lamberti
1656 2824 2013 2908 publicavit
2053 2826 2415 2910 populoque
2462 2824 2936 2893 commendavit

575 2947 647 2994 ac
700 2928 981 2993 divinam
1046 2929 1353 2996 ultionem
1416 2931 2011 3015 transgressoribus
2056 2933 2480 2998 comminatus
2545 2933 2662 2998 est.
2756 2933 2933 2997 Haec

788 3139 1020 3209 ¹)Orig.
1058 3140 1134 3194 im
1169 3139 1441 3197 St.-.A.M
1499 3140 1736 3212 Abgedr.
1772 3142 1861 3197 bei
1895 3142 1950 3197 J.
1986 3143 2309 3198 Niesert.
2348 3143 2417 3198 U.
2420 3143 2509 3199 -.B
2545 3142 2622 3198 1¹.
2661 3142 2719 3198 S.
2743 3140 2936 3198 225ss

572 3225 757 3282 Kerss.
790 3228 966 3282 bietet
999 3243 1103 3282 nur
1138 3229 1295 3283 einen
1330 3246 1469 3300 ganz
1506 3229 1707 3285 kurzen
1741 3231 1981 3301 Auszug.

788 3311 834 3382 ²)
869 3314 1061 3369 Dieser
1096 3315 1224 3370 Satz
1260 3317 1477 3372 bezieht
1512 3317 1628 3372 sich
1664 3319 1740 3372 im
1765 3318 2057 3374 Schreiben
2094 3319 2190 3374 der
2217 3319 2383 3375 stadt
2418 3319 2577 3374 nicht
2613 3318 2714 3374 auf
2745 3318 2837 3374 die
2873 3319 2937 3374 in

573 3399 821 3455 Miinster
856 3401 1252 3471 ausgerichtete
1285 3405 1789 3477 Kirchenordnung‚
1827 3406 2059 3462 sondern
2097 3406 2197 3462 auf
2228 3407 2319 3462 die
2354 3424 2460 3463 von
2498 3407 2684 3463 Kerss.
2721 3407 2936 3478 fortge-

572 3486 787 3542 lassene
819 3489 973 3544 Bitte
1010 3489 1104 3545 des
1128 3491 1311 3560 Rates,
1349 3491 1445 3546 der
1465 3493 1694 3549 Bischof
1723 3500 1899 3565 mogo,
1936 3495 2064 3550 falls
2089 3513 2150 3550 er
2189 3512 2317 3563 „vor
2353 3496 2525 3551 ander
2557 3496 2732 3550 buten
2767 3512 2938 3551 unser

574 3575 742 3644 stadt,
778 3593 837 3631 so
875 3577 950 3630 im
973 3577 1235 3648 vordrage
1269 3578 1424 3634 nicht
1456 3580 1782 3652 begreppem
1818 3583 2024 3639 ordnen
2060 3583 2172 3638 und
2207 3583 2542 3639 reformeren
2578 3583 2739 3638 wolle
2778 3622 2794 3638 .
2816 3623 2831 3637 .
2855 3584 2933 3654 .,“

574 3679 685 3718 was
724 3663 923 3731 „dorch
956 3666 1257 3734 ingefoerte
1293 3669 1646 3737 superstition
1682 3669 1843 3725 hoich
1877 3687 1984 3725 van
2020 3671 2281 3740 noeden‚“
2322 3711 2336 3726 .
2355 3711 2370 3725 .
2397 3711 2412 3725 .
2455 3671 2671 3740 „solchs
2709 3688 2784 3727 na
2807 3672 2939 3728 dem

571 3749 798 3805 rechten
831 3751 1192 3807 richtessnoer
1225 3754 1461 3824 gotlichs
1495 3756 1671 3811 words
1705 3757 2062 3814 voernhemen
2100 3798 2114 3813 .
2135 3798 2151 3813 .
2170 3761 2218 3814 .“

789 3838 835 3908 ⁸)
870 3839 939 3894 In
964 3840 1139 3895 einem
1164 3840 1456 3897 Schreiben
1492 3860 1563 3899 an
1587 3845 1693 3900 den
1715 3845 1827 3901 Rat
1860 3862 1960 3900 aus
1990 3846 2314 3916 Ffimtenau,
2353 3847 2453 3903 das
2479 3865 2540 3903 er
2575 3848 2940 3920 gleichzeitig

574 3926 683 3981 den
719 3926 1071 3983 Olderleuten
1106 3945 1160 3985 u.
1187 3947 1229 3984 s.
1255 3947 1321 3984 w.
1357 3931 1588 3987 mitteilt
1644 3933 1840 4004 (Kopie
1886 3934 1946 3988 in
1982 3934 2080 3989 der
2112 3935 2429 3992 Bibliothek
2466 3936 2565 3992 des
2599 3936 2939 3993 Altertums·

572 4015 802 4084 vereins,
835 4016 997 4072 Mser.
1024 4017 1168 4086 101).
1203 4018 1384 4073 Ueber
1406 4019 1624 4075 fifihere
1644 4020 2106 4093 Verbandlungen
2141 4024 2463 4097 Mumpert’s
2490 4043 2683 4097 wegen
2719 4043 2765 4084 s.
2791 4026 2939 4083 oben

575 4100 633 4157 S.
655 4101 832 4158 434ss
889 4103 1343 4173 Bezugnehmend
1379 4106 1479 4161 auf
1509 4107 1613 4164 den
1636 4108 1795 4164 Brief
1822 4109 2099 4166 Miinsters
2134 4129 2259 4167 vom
2293 4113 2344 4169 8.
2371 4114 2505 4171 Dez.
2542 4115 2803 4170 erwidert
2837 4114 2941 4170 der

572 4187 803 4244 Bischof
840 4191 1012 4260 Jetzt:
1072 4193 1208 4263 „Wy
1246 4231 1259 4248 .
1280 4230 1297 4248 .
1318 4233 1333 4247 .
1368 4194 1578 4250 hedden
1613 4212 1717 4251 uns
1759 4214 1835 4267 yn
1871 4197 1968 4253 der
2002 4200 2265 4255 waerheit
2316 4201 2593 4257 alsulcker
2647 4203 2938 4273 spitziger,

574 4281 947 4346 ungegrunter
978 4278 1122 4335 unde
1157 4279 1479 4352 wytlopiger
1511 4287 1954 4355 verantwerunge
1987 4285 2134 4342 unde
2162 4293 2507 4345 vornements
2544 4290 2687 4346 aller
2722 4290 2941 4362 gestalt

573 4378 650 4418 na
683 4379 758 4432 yn
794 4381 972 4435 gynen
1006 4367 1155 4422 wech
1190 4368 1511 4426 vermodet.“
