3259 5075
1161 341 1343 406 Anno
1401 342 1564 406 1533
1611 343 1770 407 acta.
2505 343 2635 407 417

492 516 984 582 Goesfeldienses
1030 515 1110 581 ad
1157 517 1509 599 superiores
1561 517 1870 602 principis
1918 518 2133 583 literas
2187 519 2287 582 17.
2335 518 2489 582 Iulii
2536 537 2635 583 re·
2665 539 2730 581 ιτ.
2760 534 2884 583 Jnn.

257 623 592 705 spondent
613 626 662 688 ¹:
737 622 872 688 Sibi
920 641 1047 687 non
1092 625 1379 688 constare
1440 623 1639 687 alium
1686 643 1876 708 quam
1934 623 2380 689 terminarium
2425 624 2635 688 tribus

255 729 398 793 iam
445 729 582 794 fere
643 729 869 795 lustris
916 728 1329 794 concionandi
1396 728 1602 795 officio
1649 730 1944 795 functum
2012 730 2226 795 fuisse.
2319 728 2634 795 Parochos

259 837 490 899 autem
537 854 682 901 suos
746 834 1102 900 animarum
1149 853 1369 900 curam
1412 835 1716 901 habentes
1777 836 2076 901 avaritiae
2096 837 2123 876 ²
2167 835 2417 900 nomine
2464 835 2633 918 apud

259 940 609 1025 plerosque
657 948 824 1006 cives
892 941 1058 1006 male
1115 941 1352 1022 audire,
1402 943 1466 1007 et
1510 941 1786 1025 singulis
1855 942 2432 1025 exploratissimum
2477 960 2630 1023 esse,

261 1046 506 1129 quibus
543 1047 792 1113 artibus
837 1048 910 1111 in
940 1047 1383 1131 conquirendis
1429 1047 1716 1130 pecuniis
1748 1048 1975 1113 callide
2020 1050 2301 1113 utantur.
2371 1047 2456 1111 Et
2486 1066 2632 1112 cum

259 1153 523 1218 abunde
555 1153 713 1218 satis
745 1172 783 1218 a
812 1153 1161 1218 maioribus
1193 1153 1325 1217 suis
1356 1152 1638 1236 decimis,
1690 1154 2063 1236 redditibus,
2113 1153 2409 1236 praediis,
2459 1154 2630 1236 agris

259 1258 542 1343 aliisque
588 1259 771 1325 bonis
818 1278 1010 1345 quam
1077 1259 1401 1342 plurimis,
1464 1259 1632 1325 unde
1679 1259 2001 1325 commode
2044 1259 2290 1341 vivant,
2353 1259 2440 1324 sit
2483 1279 2630 1341 pro-

256 1368 582 1447 spectum,
628 1365 802 1448 ipsos
831 1368 1047 1430 tamen
1077 1367 1464 1431 sacramenta
1497 1365 1781 1448 vendere,
1829 1365 2104 1430 infantes
2136 1366 2271 1430 sine
2314 1366 2629 1448 praesenti

259 1469 542 1552 pecunia
571 1489 608 1534 a
639 1489 817 1536 sacro
862 1470 1037 1536 fonte
1081 1489 1307 1551 arcere,
1355 1470 1674 1536 tenuiores
1720 1470 2009 1553 pecuniis
2056 1471 2393 1536 destitutos
2425 1490 2463 1535 a
2493 1490 2627 1536 ma-

257 1576 571 1641 trimonio
641 1577 942 1660 repellere
988 1578 1053 1641 et
1097 1576 1372 1641 similem
1442 1578 1865 1641 mercaturam
1927 1577 2097 1641 circa
2164 1578 2627 1642 sacramentnm

259 1682 549 1765 corporis
589 1685 656 1747 et
700 1681 1027 1766 sanguinis
1072 1682 1313 1748 Christi
1359 1701 1660 1763 exercere,
1709 1700 2046 1767 anargyros
2093 1683 2352 1748 extortis
2397 1683 2624 1767 pigno-

259 1789 448 1853 ribus
495 1807 804 1870 coercere,
874 1788 1046 1853 insta
1090 1787 1368 1872 exequiis
1425 1789 1712 1871 impensa
1761 1787 1921 1854 *non
1968 1790 2122 1854 satis
2166 1788 2434 1873 pinguia
2477 1809 2624 1855 con·
2651 1808 2749 1881 *μ
2782 1809 2907 1867 376.

257 1894 567 1978 temptim
611 1895 954 1976 remittere,
1001 1912 1311 1978 pauperes
1357 1893 1438 1958 ad
1483 1894 1773 1978 exequias
1818 1895 2087 1960 mortuis
2133 1895 2480 1961 reddendas
2519 1915 2623 1962 co-

259 2020 413 2085 gere
458 2002 824 2085 multosque
869 2001 1026 2066 alios
1071 2001 1309 2065 abusus
1353 1999 1581 2064 loculis
1627 2000 1972 2066 servientes
2017 2000 2444 2083 introducere3
2492 2002 2622 2067 vir-

260 2107 446 2191 gines
478 2108 611 2173 Deo
640 2107 882 2173 dicatas
926 2106 1220 2190 propolas
1253 2124 1385 2170 esse
1420 2107 1485 2171 et
1514 2105 1733 2171 civiles
1778 2106 2240 2191 negociationes
2285 2107 2354 2171 in
2386 2107 2622 2173 civium

261 2233 457 2295 grave
504 2212 908 2297 dispendium
953 2212 1190 2294 facere3
1262 2231 1411 2277 cum
1456 2212 1694 2277 civium
1756 2213 2222 2278 munitionibus
2269 2214 2336 2278 et
2377 2214 2620 2299 vigiliis

261 2319 403 2383 sine
447 2319 582 2385 nllo
629 2339 741 2385 suo
781 2318 1178 2384 incommodo
1225 2318 1661 2402 defendantur,
1709 2320 1880 2403 ipsas
1927 2319 2248 2385 tributum
2293 2320 2622 2386 tolerabile

260 2425 344 2489 ad
389 2425 915 2491 instaurationem
983 2427 1311 2508 portarum
1356 2426 1422 2489 et
1464 2442 1793 2490 murorum
1851 2444 2078 2509 negare
2095 2426 2139 2490 ³.
2234 2426 2311 2491 Se
2356 2426 2621 2508 proinde

261 2530 619 2615 principem
664 2551 901 2616 rogare,
948 2533 1026 2597 ut
1068 2531 1183 2598 hos
1232 2531 1385 2596 cleri
1446 2532 1681 2597 abusus
1726 2531 2102 2615 reprimat⁴;
2168 2553 2233 2598 se
2280 2532 2458 2598 civili
2505 2552 2619 2599 suo

262 2637 478 2703 officio
524 2658 649 2704 non
696 2637 922 2704 defore.

479 2743 779 2826 Princeps
847 2743 1002 2808 haec
1047 2743 1286 2826 scripta
1330 2744 1495 2809 clero
1541 2742 1987 2809 Coesfeldiensi
2041 2746 2139 2810 18.
2189 2745 2345 2810 Iulii
2408 2748 2616 2812 trans-
2646 2769 2713 2812 ιε.
2742 2766 2865 2814 Juu.

259 2849 471 2914 mittit
514 2849 848 2934 ipsumque
879 2850 1172 2915 admonet
1187 2852 1232 2932 ⁶,
1280 2851 1357 2915 ut
1385 2850 1455 2914 in
1486 2851 1892 2915 sacramentis
1938 2850 2476 2934 administrandis,
2517 2853 2616 2919 uti

259 2954 642 3020 christianos
675 2955 978 3038 parochos
1010 2955 1206 3036 decet,
1257 2975 1390 3021 sese
1436 2958 1632 3040 gerat,
1666 2974 1745 3021 ne
1777 2957 2119 3021 senatui·et
2149 2956 2397 3022 civibus
2427 2958 2614 3024 Coes-

260 3060 558 3126 feldianis
604 3062 839 3126 iustam
872 3060 1174 3146 querendi
1221 3061 1610 3127 occasionem
1656 3061 1898 3144 aperiat
1927 3081 2114 3147 seque
2158 3062 2448 3146 pluribus
2479 3084 2613 3130 mo·-

259 3167 467 3232 lestiis
515 3167 815 3233 involvat.
910 3167 1090 3247 Quod
1138 3167 1193 3232 si
1239 3168 1480 3233 factum
1525 3168 1737 3251 fuerit,
1788 3187 1854 3233 se
1899 3168 2082 3250 illud,
2133 3169 2301 3253 quod
2346 3168 2425 3235 ad
2470 3190 2611 3236 mu-

255 3275 439 3337 tuam
484 3273 640 3338 cleri
683 3276 750 3338 et
795 3273 1035 3338 civium
1079 3274 1478 3339 concordiam
1522 3274 1729 3356 faciat,
1783 3275 1959 3339 brevi
2006 3275 2393 3341 effecturum.

475 3451 519 3519 ¹)
556 3450 707 3521 Orig.
744 3452 820 3504 im
857 3450 1028 3505 Sa-A.
1063 3452 1138 3506 M.
1202 3450 1436 3522 Abgedr.
1474 3450 1565 3505 bei
1599 3451 1653 3506 J.
1689 3451 1745 3506 N
1755 3453 1852 3506 ies
1867 3455 1995 3506 ert:
2034 3450 2192 3507 U.-B.
2228 3451 2300 3508 1².
2339 3452 2396 3509 S.
2434 3453 2607 3508 198ff.

251 3539 440 3593 Kerss.
479 3540 634 3609 giebt
670 3540 768 3593 das
805 3539 1099 3594 Schreiben
1135 3555 1239 3592 nur
1273 3541 1329 3592 in
1368 3539 1589 3593 kurzem
1624 3539 1875 3611 Anszuge
1911 3539 2123 3595 wieder.

473 3626 520 3696 ²)
560 3628 764 3695 „durch
803 3645 892 3683 ere
931 3627 1214 3698 giricheid,
1253 3628 1499 3683 overssoit
1535 3628 1648 3682 und
1685 3629 1926 3684 anders.“

473 3714 520 3785 ⁸)
554 3716 661 3770 Die
697 3717 773 3769 im
808 3716 990 3771 Briefe
1044 3733 1156 3770 nun
1193 3715 1448 3785 folgende
1483 3715 1662 3786 Klage
1710 3716 1844 3770 iiber
1879 3716 1966 3771 die
2001 3717 2057 3770 N
2058 3716 2448 3787 achlassigkeit
2494 3719 2606 3773 und

247 3803 619 3874 Unfahigkeit
654 3804 750 3858 der
785 3804 1047 3858 Pastoren
1085 3806 1142 3857 in
1180 3804 1277 3858 der
1310 3803 1711 3873 Amtsfiihrung
1751 3802 1886 3858 laist
1918 3804 2100 3860 Kerss.
2139 3822 2276 3875 ganz
2312 3806 2438 3861 fort.

470 3893 518 3961 ⁴)
554 3891 708 3946 Auch
743 3893 913 3946 bittet
948 3891 1198 3946 Coesfeld
1233 3891 1578 3962 wiederholt,
1628 3892 1732 3947 den
1769 3892 2132 3946 Predikanten
2169 3892 2207 3946 J
2208 3892 2296 3949 oh.
2331 3910 2381 3949 ν.
2418 3893 2606 3949 Hunse

249 3980 603 4036 beibehalten
640 3997 707 4034 zu
742 3980 952 4036 diirfen.

469 4070 515 4140 ὅ)
552 4069 665 4124 Ans
703 4070 956 4125 Diihnen.
1028 4069 1279 4142 Konzept
1325 4070 1403 4124 im
1440 4068 1611 4125 St-A.
1650 4069 1726 4126 M.
1798 4068 2033 4140 Abgedr.
2068 4069 2160 4124 bei
2194 4069 2248 4125 J.
2283 4068 2340 4124 N
2349 4070 2601 4126 iesert:

250 4158 409 4214 tt.-B.
447 4157 521 4213 1¹.
561 4158 616 4214 S.
655 4159 760 4213 204
779 4159 820 4213 f.
893 4158 1256 4230 Gleichzeitig
1311 4158 1550 4214 schreibt
1586 4158 1682 4213 der
1716 4158 1944 4214 Bischof
1992 4158 2133 4212 noch
2168 4157 2371 4213 einmal
2406 4175 2477 4213 an
2513 4159 2603 4214 die

253 4247 414 4302 Stadt
471 4247 743 4317 (Konzept
777 4248 854 4301 im
890 4248 1062 4303 St.-A.
1098 4248 1191 4317 M„
1248 4247 1469 4318 abgedr.
1507 4248 1596 4303 bei
1632 4247 1685 4302 J.
1723 4248 2010 4303 Niesert
2046 4263 2095 4301 a.
2123 4263 2173 4302 a.
2200 4246 2264 4301 O.
2303 4246 2357 4301 S.
2395 4248 2600 4316 2031),

252 4338 329 4390 sie
366 4334 502 4391 solle
541 4335 658 4390 sich
712 4337 796 4390 bis
835 4353 903 4389 zu
937 4338 1210 4391 weiterem
1246 4336 1545 4391 Bescheide
1598 4336 1736 4391 aller
1770 4337 1826 4390 N
1828 4353 2135 4406 euerungen
2174 4334 2486 4402 enthalten3
2542 4353 2602 4391 er

249 4422 406 4478 wolle
441 4424 499 4477 in
539 4424 750 4478 Sachen
787 4424 884 4478 der
919 4424 1170 4495 Religion
1208 4423 1474 4495 Ordnnng
1509 4424 1763 4480 schaffen.
2384 4498 2426 4560 3
