3259 5075
1144 290 1329 357 Anno
1381 291 1551 357 1533
1598 292 1756 357 acta.
2487 291 2618 356 461

481 469 748 534 Senatus
811 466 981 531 hunc
1049 466 1326 532 furorem
1372 467 1437 531 et
1493 466 1942 532 contumeliam
2001 465 2083 531 ad
2128 465 2297 531 diem
2348 465 2448 531 15.
2496 467 2623 532 De-

257 574 540 641 cembris
587 572 1035 638 dissimulavit.
1110 571 1510 656 Superiorem
1554 591 1702 637 vero
1747 571 2137 638 Rothmanni
2182 572 2620 656 temeritatem,

260 700 390 767 qua
433 682 583 765 post
649 679 977 764 publicam
1044 677 1408 744 concionem
1469 678 1838 744 Fabricium
1904 678 2352 762 exagitaverat,
2422 697 2622 764 neque

261 787 640 871 captivitate
685 804 888 870 neque
934 783 1061 849 alia
1099 783 1327 850 eximia
1370 803 1586 868 poena,
1637 803 1794 869 quae
1841 784 2157 850 seditiosis
2188 786 2413 850 merito
2461 785 2621 849 irro-

261 895 484 978 gatur,
557 892 666 959 sed
711 891 897 956 exilio
942 890 1263 955 vindicare
1309 889 1524 955 volens
1593 890 1995 955 securitatem
2039 890 2363 973 publicam
2408 889 2621 955 defen-

264 997 633 1083 sionemque
701 996 881 1062 urbis
935 999 1036 1061 11.
1082 995 1449 1061 Decembris
1510 994 1613 1060 illi
1678 995 2027 1062 renunciat.
2121 995 2399 1062 Accenso
2467 996 2622 1061 haec
2650 1020 2717 1061 11.
2745 1014 2873 1061 Dea.

264 1105 394 1170 sibi
440 1102 839 1169 renuncianti
870 1102 941 1167 in
971 1102 1224 1167 senatus
1271 1102 1705 1185 contemptum
1736 1103 1800 1167 et
1833 1101 2187 1167 ludibrium
2216 1102 2623 1168 honorarium

262 1230 501 1276 munus
546 1210 740 1275 donat
797 1227 1028 1293 magna
1073 1227 1220 1272 cum
1266 1207 1500 1273 fiducia
1543 1207 1957 1291 respondens:
2021 1228 2222 1293 neque
2265 1228 2623 1294 quenquam

264 1337 332 1382 se
380 1315 719 1381 formidare
787 1334 988 1399 neque
1034 1315 1411 1399 cuiusquam
1468 1314 1827 1379 defensione
1895 1334 2268 1400 magnopere
2313 1335 2378 1382 se
2423 1334 2620 1400 egere,

265 1424 323 1489 si
369 1423 491 1488 Dei
535 1440 918 1506 suorumque
986 1420 1302 1505 praesidio
1348 1421 1713 1503 muniatur3
1785 1441 1850 1487 se
1895 1421 2129 1487 auxilio
2176 1422 2430 1489 coelesti
2475 1442 2623 1506 pro-

261 1530 511 1594 tectum
541 1527 718 1593 exilii
760 1527 946 1592 inane
976 1547 1206 1593 nomen
1252 1546 1380 1592 non
1409 1527 1655 1611 timere,
1706 1547 1772 1594 se
1801 1528 2000 1593 nullis
2047 1528 2379 1594 hominum
2407 1529 2619 1612 minis,

266 1633 676 1720 quantumvis
724 1634 1063 1716 atrocibuS,
1112 1655 1150 1699 a
1181 1634 1506 1699 vocatione
1552 1653 1668 1699 sua
1713 1637 1777 1699 et
1822 1633 2131 1718 evangelii
2175 1635 2624 1718 propagatione

266 1740 607 1824 deterreri3
678 1741 809 1804 Deo
856 1739 1024 1804 enim
1086 1740 1289 1824 magis
1337 1740 1757 1806 obediendum
1803 1760 1954 1823 esse,
2024 1759 2213 1825 quam
2257 1740 2623 1806 hominibus

264 1846 505 1912 invidis
551 1845 814 1912 exilium
877 1846 1248 1911 iubentibus
1296 1847 1359 1911 et
1403 1847 1592 1912 verbo
1640 1847 1760 1912 Dei
1803 1846 2113 1931 populum
2179 1846 2619 1929 spoliantibus,

265 1954 442 2019 Haec
475 1972 621 2018 cum
649 1951 1157 2019 Rothmannistis
1203 1952 1677 2036 nunciarentur,
1726 1952 1806 2018 ad
1836 1953 2152 2019 doctorem
2183 1970 2387 2034 suum,
2437 1971 2625 2036 quem

266 2061 744 2126 consternatum
806 2057 1011 2124 edicto
1081 2059 1334 2124 senatus
1382 2077 1513 2123 esse
1580 2060 1918 2143 putabant,
1990 2057 2353 2123 consolandi
2419 2058 2624 2142 gratia

266 2165 647 2251 agminatim
691 2165 1032 2229 accurrunt
1076 2163 1387 2246 iubentes,
1437 2165 1512 2228 ut
1556 2164 1709 2230 forti
1757 2164 1843 2229 sit
1889 2163 2131 2246 animo;
2193 2170 2438 2247 patrem
2483 2183 2622 2229 coe-

268 2273 494 2337 lestem
539 2271 1032 2336 christianorum
1078 2270 1499 2335 constantiam
1545 2271 1981 2354 probaturum,
2037 2271 2169 2335 suis
2214 2270 2284 2335 in
2331 2271 2621 2336 extremis

269 2379 468 2444 etiam
512 2376 827 2460 angustiis
872 2378 1055 2461 grata
1084 2376 1510 2442 consolatione
1541 2376 1931 2460 adfuturum,
1981 2376 2246 2442 consilia
2282 2377 2623 2461 impiorum

268 2483 748 2568 dissipaturum,
797 2482 934 2566 pios
982 2482 1276 2549 omnibus
1322 2481 1795 2549 calamitatibus
1842 2484 2243 2567 erepturum3
2309 2484 2623 2568 intrepide

267 2591 484 2675 itaque
530 2592 595 2655 et
641 2588 915 2655 viriliter
982 2608 1095 2655 8110
1142 2588 1350 2655 officio
1418 2590 1753 2674 fungatur3
1824 2609 1888 2655 se
1936 2590 2015 2656 ad
2061 2592 2411 2656 extremum
2454 2590 2624 2655 vitae

265 2697 548 2762 halitum
607 2698 826 2761 contra
870 2715 1121 2760 omnem
1194 2695 1539 2778 impiorum
1583 2696 1716 2761 vim
1774 2695 2046 2761 tutelam
2091 2698 2157 2760 et
2200 2695 2625 2761 defensionem

264 2803 574 2888 polliceri.
647 2801 768 2867 His
797 2801 998 2866 fretus
1042 2800 1371 2884 promissis
1408 2801 1508 2865 die
1542 2801 1705 2868 Solis
1738 2803 1882 2885 post
1912 2801 2354 2885 conceptionis
2384 2801 2623 2867 Mariae

267 2911 523 2991 festum,
574 2928 733 2992 quae
769 2908 898 2972 fuit
933 2909 1032 2971 14.
1067 2906 1453 2990 Decembris,
1501 2907 2069 2991 Knipperdolh'ngo
2116 2906 2382 2991 aliisque
2428 2907 2620 2972 huius
2651 2928 2717 2970 u.
2745 2922 2867 2970 nez.

264 3015 563 3083 factionis
633 3013 1017 3079 satellitibus
1088 3012 1359 3096 stipatus
1406 3014 1489 3079 ad
1532 3015 1848 3097 templum
1894 3012 2332 3079 Servatianum
2375 3012 2622 3079 concio-

266 3124 536 3187 naturus
583 3119 925 3217 contendit.
995 3119 1116 3185 Sed
1149 3138 1295 3185 cum
1338 3120 1653 3202 templum
1699 3119 1988 3185 clausum
2034 3116 2542 3202 deprehenderet,
2584 3136 2623 3183 a

267 3228 336 3293 vi
383 3226 759 3311 effringendi
828 3224 953 3291 sibi
997 3225 1161 3291 fores
1207 3228 1560 3309 temperans
1608 3225 1678 3290 in
1723 3224 2081 3291 coemiterio
2129 3225 2247 3290 sub
2295 3223 2436 3289 tilia
2478 3243 2622 3307 per-

266 3334 525 3399 brevem
571 3332 935 3397 concionem
978 3331 1223 3414 habuit,
1273 3351 1396 3416 qua
1440 3333 1625 3397 finita
1670 3332 1805 3397 sine
1841 3333 2021 3396 motu
2066 3330 2530 3414 digrediuntur.

488 3435 767 3504 *Eodem
811 3437 912 3501 die
957 3437 1287 3503 Fabricius
1347 3439 1417 3503 in
1461 3438 1698 3522 templo
1744 3436 2149 3503 Lambertino
2210 3455 2466 3502 coenam
2511 3436 2623 3501 do·
2649 3457 2745 3530 *μ
2781 3458 2911 3516 408,

266 3545 572 3610 minicam
617 3544 1118 3628 evangelicorum
1163 3543 1297 3609 ritu
1345 3544 1703 3626 celebravit,
1769 3543 1950 3608 cuius
1997 3544 2238 3627 septem
2282 3543 2622 3627 participes

268 3650 551 3733 fuerunt,
601 3649 847 3715 scilicet
890 3649 1024 3733 ipse
1068 3649 1416 3734 Fabricius,
1464 3651 1731 3715 Ioannes
1760 3649 2297 3731 Westermannus,
2345 3648 2619 3732 BrixiuS,

265 3755 692 3822 Wirthemius
705 3808 722 3839 ‚
791 3755 1248 3839 Glandorpius,
1319 3755 1833 3840 Langermannus
1880 3758 1945 3820 et
1987 3754 2345 3838 BelholtuS,
2395 3754 2506 3838 qui
2551 3772 2624 3819 ea

268 3861 346 3928 de
395 3882 583 3928 causa
626 3862 819 3928 variis
867 3862 1159 3928 convitiis
1206 3881 1244 3927 a
1285 3861 1792 3927 Rothmannistis
1839 3862 2081 3946 excepti
2126 3863 2297 3927 sunt.

483 3969 604 4034 Die
655 3970 755 4034 15.
803 3968 1167 4033 Decembris
1199 3968 1476 4061 ,senatus
1523 3969 1844 4033 novellum
1886 3967 2077 4033 illum
2122 3967 2622 4032 concionatorem
2648 3991 2718 4034 15.
2743 3987 2867 4036 nen.

268 4094 341 4140 ex
372 4073 550 4140 fabro
597 4075 859 4141 ferrario
892 4073 1105 4140 subito
1135 4073 1395 4158 factum,
1445 4074 1557 4159 qui
1603 4075 1664 4141 8.
1698 4074 2065 4141 Decembris
2103 4072 2401 4140 licentius
2433 4091 2624 4158 quam

265 4181 649 4265 prudentius
680 4181 750 4246 in
786 4201 851 4247 se
882 4184 947 4248 et
979 4182 1346 4249 Fabricium
1391 4183 1811 4249 debacchatus
1842 4183 2068 4266 fuerat,
2116 4203 2262 4249 cum
2293 4203 2358 4248 se
2387 4183 2624 4250 iterum

268 4288 350 4355 ad
380 4290 880 4356 concionandum
925 4290 1192 4373 efferret,
1238 4310 1352 4375 per
1387 4290 1642 4357 lictores
1689 4289 2075 4374 apprehendi
2105 4292 2169 4356 et
2211 4290 2284 4355 in
2312 4308 2625 4356 carcerem
