3259 5075
1146 297 1331 363 Anno
1381 299 1555 363 1534
1600 298 1758 364 acta.
2493 297 2627 364 515

270 471 476 536 tiones
523 474 589 537 et
630 471 1003 537 inimicitias
1069 472 1239 538 inter
1282 473 1571 539 subditos
1640 493 1876 557 parere.
1972 473 2095 538 Hic
2141 473 2360 538 docuit
2420 474 2625 541 levem

272 578 353 643 ob
386 597 641 643 causam
685 580 750 644 et
793 579 872 644 de
909 579 1054 644 lana
1100 598 1279 662 saepe
1325 580 1581 663 caprina
1626 579 2129 645 contendendum
2160 598 2310 662 esse,
2363 583 2427 646 et
2466 600 2623 664 opu-

271 683 538 750 lentiam
583 705 658 750 ex
687 685 914 750 sudore
946 687 1010 750 et
1054 684 1402 750 visceribus
1450 685 1690 751 civium
1734 684 2095 768 parandam.
2161 685 2432 767 Expedit
2477 705 2623 769 ergo

273 790 658 873 reipublicae
703 790 959 855 nullum
1026 791 1485 856 mercenarium
1528 794 1886 874 patronum,
1951 791 2061 875 qui
2107 791 2399 856 servilem
2442 791 2625 857 illam

273 897 340 960 et
383 897 831 962 mercenariam
895 896 1462 980 iurisprudentiam
1507 899 1789 962 exerceat
1848 915 2108 980 eamque
2167 896 2516 979 prostituat
2559 900 2625 964 et

272 1001 343 1066 in
390 1007 654 1086 quaestu
699 1004 947 1087 habeat,
994 1004 1063 1068 in
1110 1004 1352 1068 curiam
1396 1003 1864 1068 admittendum
1910 1023 2061 1068 esse.
2144 1004 2263 1068 Ille
2309 1004 2478 1068 enim
2522 1005 2623 1069 in-

275 1108 557 1174 satiabili
587 1110 855 1175 avaritia
898 1114 1258 1176 excaecatus
1290 1111 1509 1176 divina
1539 1113 1603 1176 et
1632 1110 1911 1175 humana
1955 1110 2192 1193 pariter
2222 1110 2385 1176 lucri
2416 1113 2624 1195 gratia

274 1214 524 1296 miscet,
575 1216 786 1280 omnia
831 1215 1068 1281 iudicia
1113 1218 1179 1281 et
1219 1216 1389 1300 leges
1436 1217 1504 1281 in
1552 1235 1666 1281 sua
1709 1216 1976 1281 libidine
2022 1216 2242 1298 habet,
2306 1216 2624 1283 iustitiam

272 1320 510 1403 polluit
553 1323 619 1387 et
661 1322 848 1388 malis
917 1324 1216 1407 exemplis
1263 1322 1456 1387 etiam
1514 1322 1684 1387 inter
1743 1324 2023 1405 posteros
2069 1323 2327 1405 evertit3
2398 1323 2508 1389 illc
2554 1325 2624 1389 in

274 1427 614 1493 consilium
658 1429 985 1495 adhibitus
1033 1450 1156 1495 non
1188 1429 1375 1495 aliter
1418 1429 1583 1511 lites,
1634 1448 1825 1513 quam
1870 1428 2054 1494 miles
2100 1429 2340 1494 bellum
2379 1430 2620 1515 suadet,

273 1551 422 1597 nam
466 1535 615 1600 lites
678 1536 948 1619 pendere
994 1536 1107 1600 diu
1151 1535 1471 1601 vindemia
1529 1555 1763 1619 magna
1806 1537 1920 1600 est.
2012 1536 2115 1600 Ita
2158 1536 2328 1600 enim
2372 1537 2622 1604 callidis

272 1640 610 1706 verborum
656 1643 1072 1726 anfractibus,
1145 1642 1238 1708 ita
1282 1643 1553 1708 versutis
1623 1643 1997 1724 ambagibus
2042 1642 2216 1706 vivos
2281 1661 2494 1707 01111133
2541 1644 2622 1708 ad

275 1763 455 1811 3113111
513 1747 748 1813 molam
794 1748 1076 1831 deducit,
1146 1750 1221 1814 ut
1266 1769 1343 1814 ne
1389 1748 1655 1832 lympha
1718 1747 1974 1832 quidem
2035 1747 2256 1812 alienis
2324 1748 2617 1830 supersit.

274 1852 413 1916 Hoc
456 1872 655 1937 genus
701 1874 1019 1939 aucupum
1064 1855 1316 1939 quidvis
1383 1857 1634 1939 praeter
1678 1855 1955 1938 quietem
2000 1853 2245 1918 civibus
2305 1856 2617 1938 precatur,

274 1957 478 2024 civem
524 1960 822 2026 adversus
869 1961 1070 2026 civem
1113 1962 1322 2027 venali
1368 1960 1690 2026 interdum
1733 1961 1955 2044 lingua
1998 1959 2250 2041 incitat,
2300 1959 2622 2026 interdum

275 2064 532 2147 scriptis
593 2066 725 2132 suis
771 2066 944 2131 omni
991 2068 1452 2132 calumniarum
1496 2067 1760 2132 lascivia
1803 2066 2048 2131 refertis
2109 2064 2324 2130 irritat
2367 2064 2622 2149 suisque

275 2172 785 2252 persuasionibus
846 2173 1201 2239 vaferrimis
1260 2173 1331 2239 in
1389 2177 1681 2239 mutuam
1747 2173 2091 2256 perniciem
2152 2173 2381 2253 armat,
2452 2172 2621 2237 unde

274 2295 648 2361 magnarum
695 2299 877 2363 saepe
924 2281 1358 2345 calamitatum
1417 2279 1704 2345 homines
1750 2279 1861 2345 isti
1907 2279 2277 2343 mercenarii
2318 2278 2389 2342 in
2434 2297 2621 2362 repu-

274 2382 444 2448 blica
503 2387 656 2450 sunt
722 2387 1024 2452 auctores.
1120 2385 1302 2452 Chilo
1362 2387 1532 2452 enim
1577 2406 1716 2451 eam
1774 2385 2232 2469 rempublicam
2277 2382 2622 2467 *optimam
2646 2399 2677 2432 ⁶
2732 2442 2747 2458 .

274 2508 409 2556 esse
453 2492 923 2576 pronunciavit,
997 2512 1156 2577 quae
1201 2493 1469 2559 maxime
1513 2493 1708 2577 legeS,
1775 2492 2037 2558 minime
2083 2493 2296 2558 autem
2340 2491 2620 2558 rhetores

273 2597 495 2662 audiat
510 2600 552 2662 ¹.
631 2599 907 2664 Arccndi
952 2600 1154 2684 igitur
1200 2603 1352 2666 sunt
1395 2601 1554 2665 tales
1609 2599 1895 2665 homines
1941 2618 2068 2663 non
2114 2597 2317 2663 solum
2364 2617 2403 2663 a
2446 2597 2622 2663 curia

274 2705 340 2768 et
385 2705 695 2787 consiliis,
767 2724 987 2772 verum
1038 2707 1231 2773 etiam
1278 2727 1316 2772 a
1360 2707 1728 2772 civitatibus
1777 2707 1843 2771 et
1885 2703 2366 2787 rebuspubliciS.
2459 2704 2623 2768 Nam

274 2810 804 2893 quemadmodum
849 2814 964 2877 ubi
1022 2813 1217 2878 multi
1279 2815 1431 2878 sunt
1496 2812 1753 2895 medici,
1801 2811 1896 2876 ibi
1940 2809 2133 2876 multi
2197 2809 2403 2873 morbi
2446 2827 2622 2891 gras-

275 2918 515 2999 santur,
564 2918 658 2982 ita
702 2937 947 3002 quoque
979 2918 1089 2984 ubi
1136 2918 1326 2983 multi
1373 2919 1523 2983 sunt
1565 2916 1917 3000 iurisperiti
1961 2916 2129 2981 lucri
2171 2915 2379 2999 gratia
2413 2932 2620 2979 sacro-

276 3024 558 3087 sanctam
603 3023 1167 3106 iurisprudentiam
1211 3024 1486 3106 turpiter
1530 3022 2006 3106 prostituenteS,
2055 3020 2149 3085 ibi
2193 3020 2428 3084 multas
2474 3018 2621 3084 lites

275 3146 409 3193 3333
455 3128 756 3194 credibile
803 3132 915 3195 est.

488 3234 644 3300 Post
687 3235 819 3301 dics
889 3235 1132 3320 aliquot
1176 3255 1323 3300 cum
1364 3234 1693 3319 Moringus
1759 3232 2061 3317 temporis
2128 3231 2391 3297 fallendi
2435 3249 2625 3295 causa

275 3340 344 3405 in
392 3340 631 3407 alveolo
692 3361 837 3407 cum
883 3341 1133 3425 captivo
1191 3340 1466 3423 luderet,
1534 3340 1806 3405 nuncius
1855 3358 2001 3403 cum
2058 3339 2262 3403 literis
2310 3340 2375 3402 et
2419 3336 2625 3402 carni-

276 3447 393 3512 fice
423 3448 712 3513 celeriter
740 3468 779 3513 a
808 3449 1094 3532 principe
1123 3448 1356 3515 missus
1400 3448 1764 3513 intervenit.
1822 3448 2150 3531 Moringus
2179 3446 2362 3511 lectis
2393 3445 2623 3527 literis,

276 3552 444 3618 unde
475 3553 795 3619 doctorem
826 3554 1265 3620 decollandum
1295 3574 1427 3621 esse
1472 3554 1799 3639 intelligit,
1850 3553 2060 3618 subito
2093 3551 2415 3635 expalluit.
2464 3550 2628 3616 Cum

276 3678 423 3725 vero
455 3659 692 3742 doctor,
741 3661 967 3745 ecquid
1012 3661 1106 3726 ita
1134 3660 1279 3726 istis
1325 3661 1531 3726 literis
1578 3662 1982 3742 exterreatur,
2031 3659 2476 3739 sciscitaretur,
2526 3674 2624 3722 sa-

277 3767 459 3849 trapa
517 3766 832 3850 ingemuit
875 3785 1077 3850 neque
1120 3769 1385 3834 verbum
1445 3768 1652 3832 ullum
1715 3764 2003 3850 proloqui
2070 3764 2299 3847 potuit.
2393 3763 2628 3827 Doctor

276 3872 477 3937 instat
521 3891 896 3956 causamque
960 3873 1224 3957 palloris
1285 3875 1420 3958 ipse
1465 3892 1713 3958 quoque
1779 3872 2107 3956 perculsus
2171 3870 2417 3953 sibique
2461 3867 2626 3932 male

275 3980 564 4044 metuens
608 3978 895 4064 inquirit.
973 3980 1077 4046 Ibi
1120 3980 1483 4064 Moringus:
1535 3978 1841 4062 „Domine
1887 3977 2167 4059 doctor,“
2217 3974 2455 4058 inquit,
2509 3972 2627 4055 „de

276 4086 393 4151 tua
435 4085 570 4150 vita
613 4086 853 4169 agitur3
919 4085 1215 4169 princeps
1261 4086 1455 4151 misso
1501 4084 1884 4169 spiculatore
1927 4085 1993 4149 te
2022 4081 2315 4166 protinus
2363 4081 2627 4145 obtrun-

275 4192 553 4258 candum
581 4211 716 4258 esse
744 4192 984 4274 iubet‚“
1036 4192 1350 4276 simulque
1393 4190 1611 4256 literas
1643 4190 1770 4273 ipsi
1814 4188 2108 4273 legendas
2141 4187 2412 4253 exhibet.
2469 4183 2628 4265 Qui-

496 4369 540 4440 1)
577 4368 952 4424 Plutarch:
993 4367 1309 4424 Convivium
1344 4370 1554 4438 septem
1588 4367 1915 4437 sapientum.
1956 4364 2075 4433 154,
2111 4363 2174 4418 F.
2410 4446 2494 4515 9*
