3259 5075
328 3343 403 3387 81.
431 3339 577 3388 Febr.

606 266 738 334 518
1467 267 1654 334 Anno
1706 269 1878 334 1534
1922 270 2076 334 acta.

820 441 1093 523 Quidam
1138 444 1545 510 factiosorum
1589 445 1661 509 in
1705 464 1954 511 omnem
1997 445 2183 511 effusi
2250 446 2586 513 libidinem
2630 449 2811 513 tanta
2855 447 2961 513 in-

605 550 1026 634 temperantia
1069 551 1476 617 bacchanalia
1518 552 1856 635 celebrant,
1906 553 1982 617 ut
2024 571 2150 617 non
2183 552 2391 618 solum
2436 553 2797 637 helinando,
2844 573 2959 638 po-

605 656 799 722 tando
844 658 911 722 et
953 656 1335 739 crapulando
1380 677 1514 723 sese
1560 658 1926 742 fatigarent,
1997 678 2217 724 verum
2261 660 2456 725 etiam
2501 660 2706 725 varios
2769 660 2958 726 ludos

606 766 672 828 et
717 763 1077 845 spectacula
1120 764 1189 828 in
1219 766 1650 848 contemptum
1690 767 1756 830 et
1800 764 2154 830 ludibrium
2200 765 2654 831 catholicorum
2699 765 2958 849 publice

606 868 1033 935 exhiberent1.
1126 869 1452 950 Quendam
1521 871 1691 935 enim
1737 872 2142 937 verberonem
2210 871 2511 937 ementito
2579 871 2799 937 morbo
2845 890 2958 954 ge·-

605 977 882 1039 mentem
924 976 994 1040 in
1041 976 1277 1042 lectum
1323 977 1540 1042 currui
1586 978 1957 1061 impositum
2004 979 2338 1060 collocant,
2408 977 2490 1042 ad
2536 978 2717 1042 cuius
2763 977 2957 1061 pedes

605 1080 772 1147 alius
820 1083 1078 1166 quidam
1124 1103 1339 1149 scurra
1383 1085 1722 1150 sacerdotis
1769 1087 1939 1150 veste
1985 1085 2271 1169 stolaque
2323 1085 2693 1168 personatus
2739 1083 2957 1148 sedere

604 1187 875 1271 fingitur
919 1189 1115 1253 altera
1159 1189 1597 1273 asperginum,
1662 1189 1859 1255 altera
1903 1210 2049 1255 vero
2095 1210 2286 1255 manu
2345 1191 2588 1256 librum
2634 1190 2958 1256 sustinens

604 1295 671 1359 et
713 1294 934 1359 vitreis
1003 1295 1387 1378 perspicillis
1447 1315 1627 1361 nares
1674 1297 2108 1381 constringens
2154 1296 2361 1361 multa
2426 1296 2645 1380 inepta
2690 1297 2960 1361 obscura

603 1418 755 1464 voce
800 1399 975 1482 legit.
1039 1400 1226 1464 Hunc
1274 1419 1528 1466 currum
1576 1421 1682 1467 sex
1727 1401 2058 1484 flagriones
2105 1421 2277 1466 more
2324 1422 2629 1487 equorum
2675 1401 2958 1485 copulati

602 1525 717 1589 per
761 1525 974 1570 omnes
1034 1506 1213 1571 urbis
1259 1506 1429 1572 vicos
1498 1507 1789 1588 trahunt,
1864 1526 2131 1591 quorum
2177 1508 2300 1573 duo
2365 1508 2953 1589 Franciscanorum‚

602 1610 728 1676 duo
758 1612 1248 1677 Teutonicorum
1292 1612 1692 1677 dominorum
1724 1613 1789 1676 et
1818 1613 2048 1697 reliqui
2079 1614 2202 1679 duo
2235 1615 2670 1679 Ioannitarum
2715 1614 2957 1678 amictu

600 1717 820 1783 vestiti
864 1718 1141 1785 fuerunt.
1233 1719 1541 1802 Aurigam
1586 1737 1732 1783 vero
1801 1721 2208 1802 personatum
2258 1720 2620 1804 episcopum
2686 1719 2951 1785 faciunt.

600 1824 929 1908 Hupertus
978 1844 1223 1909 quoque
1267 1825 1716 1909 RuesscheruS,
1764 1845 2058 1909 procerus
2105 1827 2364 1910 quidam
2409 1828 2585 1892 faber
2630 1825 2955 1908 ferrariuS,

602 1930 772 2015 nigri
815 1932 1108 1997 monachi
1154 1933 1392 1998 amictu
1439 1933 1708 1998 vestitus
1741 1935 1948 1998 aratro
1994 1933 2286 2016 iungitur
2334 1933 2640 1998 adhibitis
2686 1933 2957 2016 quibus-

560 2090 577 2105 .
602 2037 766 2120 dam,
815 2039 928 2122 qui
974 2038 1124 2123 *per
1152 2039 1376 2105 ludum
1417 2039 1752 2123 iocumque
1783 2039 1999 2122 flagris
2031 2042 2095 2104 et
2124 2040 2384 2105 scuticis
2429 2038 2724 2122 bipedem
2755 2038 2956 2103 istum

602 2144 921 2209 caballum
965 2165 1078 2228 per
1107 2164 1320 2210 omnes
1367 2145 1606 2228 plateas
1653 2145 2071 2228 impellerent.
2141 2146 2378 2228 Caspar
2423 2144 2789 2226 Borchardi‚
2838 2163 2954 2209 na-

602 2251 783 2314 sutus
830 2249 1088 2334 quidam
1135 2251 1385 2332 nebulo,
1457 2250 1638 2315 cuius
1684 2253 1888 2316 mater
1931 2253 2076 2315 ante
2124 2270 2316 2316 annos
2364 2251 2624 2335 aliquot,
2689 2270 2836 2316 cum
2883 2251 2956 2316 in

599 2354 746 2438 palo
792 2356 1165 2422 numellario
1213 2356 1594 2441 ignominiae
1641 2376 1827 2421 causa
1874 2376 1937 2421 se
1970 2356 2363 2441 aliquamdiu
2410 2357 2815 2442 spectandam
2847 2376 2954 2423 ex-

600 2461 935 2545 hibuisset,
984 2463 1142 2528 urbe
1186 2463 1517 2548 profligata
1562 2464 1786 2546 fuerat,
1835 2463 2192 2547 Hiltropiae
2236 2462 2307 2528 in
2353 2483 2513 2549 pago
2549 2463 2695 2528 urbi
2741 2463 2956 2530 vicino

600 2569 759 2634 fasci
803 2570 1128 2655 virgarum
1172 2571 1544 2636 incumbens
1591 2590 1629 2635 a
1675 2590 1823 2636 suae
1869 2570 2107 2635 farinae
2154 2571 2454 2656 satellit'm
2516 2572 2789 2655 psalmos
2837 2572 2955 2637 bo-

602 2678 748 2742 ante
792 2678 862 2742 in
906 2677 1166 2761 publica
1226 2678 1618 2761 processione
1665 2678 1960 2743 crucibus
2007 2677 2377 2762 vexillisque
2424 2678 2840 2762 praegestatis
2886 2679 2958 2743 et

603 2783 896 2849 omnibus
943 2784 1263 2867 campanis
1310 2783 1582 2867 pulsatis
1629 2784 1871 2849 circum
1917 2784 2351 2849 coemiterium
2409 2786 2719 2867 portatur,
2768 2784 2954 2867 quasi

602 2891 900 2976 reliquias
971 2892 1341 2956 Sanctorum
1410 2891 1657 2956 arculae
1716 2890 1992 2956 inclusas
2057 2910 2303 2955 summa
2361 2910 2509 2956 cum
2553 2890 2956 2956 veneratione

601 2997 1214 3082 circumgestassent.
1304 2996 1504 3061 Taceo
1550 2997 1657 3061 hic
1703 2995 1949 3080 reliqua
1993 3015 2306 3081 nugarum
2368 3016 2596 3081 genera
2640 3015 2679 3060 a
2722 2997 2953 3063 triver-

600 3104 941 3171 beronibus
972 3103 1209 3187 passim
1242 3102 1541 3184 exhibita,
1576 3122 1753 3187 quae,
1789 3122 1867 3168 ne
1899 3102 2218 3187 simplices
2250 3102 2668 3185 offendantur,
2696 3101 2955 3170 silentio

600 3210 940 3295 praeterire
985 3229 1175 3293 quam
1219 3210 1545 3294 publicare
1589 3211 1886 3293 praestat.

819 3316 986 3381 Hinc
1032 3316 1345 3382 Henricus
1375 3316 1622 3382 Rollius
1671 3318 1774 3382 21.
1809 3315 2138 3380 Februarii
2167 3335 2206 3381 a
2234 3315 2523 3381 retinetis
2570 3334 2719 3381 cum
2762 3316 2958 3400 plena

600 3422 977 3488 auctoritate
1021 3422 1454 3487 conscribendi
1500 3422 1758 3505 milites,
1806 3440 1953 3487 oum
1984 3422 2374 3487 obsidionem
2419 3422 2546 3487 sibi
2574 3425 2948 3505 metuerent,

598 3528 669 3594 in
700 3527 1111 3593 Hollandiam
1154 3529 1489 3595 emittitur.
1561 3528 1688 3609 Qui
1733 3547 1859 3593 non
1904 3526 2125 3610 procul
2171 3546 2210 3592 a
2237 3528 2524 3596 Traiecto
2570 3532 2792 3614 captus
2838 3550 2952 3614 pe-

597 3634 807 3701 cuniis
875 3638 1208 3700 emunctus
1276 3635 1674 3718 anabaptista
1733 3653 1867 3700 esse
1931 3633 2438 3717 deprehenditur.
2530 3636 2753 3719 Itaque
2809 3636 2954 3721 igni

598 3741 998 3808 adiudicatus
1042 3760 1273 3825 poenas
1319 3741 1664 3826 transfugii
1708 3742 1788 3807 ab
1834 3740 2097 3807 ecclesia
2142 3740 2453 3807 catholica
2495 3742 2721 3825 pendit
2738 3744 2779 3808 ².

814 3993 858 4063 ¹)
892 3992 1007 4048 Das
1043 3990 1321 4062 Folgende
1355 3991 1432 4045 ist
1465 4005 1571 4045 nur
1603 4006 1709 4044 von
1745 3988 1928 4044 Kerss.
1965 3988 2250 4044 berichtet.

811 4078 857 4148 ²)
895 4080 1021 4152 Vgl.
1060 4081 1197 4136 oben
1235 4080 1289 4136 S.
1327 4080 1426 4134 421
1451 4078 1508 4148 f.,
1563 4095 1645 4133 wo
1682 4078 1822 4133 auch
1862 4077 1950 4133 die
1987 4078 2265 4132 Literatur
2299 4078 2435 4132 iiber
2468 4076 2593 4133 Roll
2630 4077 2952 4148 angegeben

594 4169 795 4225 wurde.
867 4168 995 4224 Roll
1033 4169 1210 4240 begab
1248 4167 1365 4224 sich
1402 4167 1668 4222 zunachst
1714 4165 1855 4222 nach
1892 4165 2089 4221 Wesel.
2161 4166 2343 4221 Ueber
2377 4162 2525 4221 aeine
2563 4165 2954 4222 Wirksamkeit

595 4257 723 4313 dort
775 4258 949 4328 geben
1004 4257 1094 4312 die
1133 4258 1529 4313 Bekenntnisse
1581 4256 1681 4311 der
1718 4254 1957 4311 Weseler
1994 4253 2393 4310 wiedertaufer
2442 4271 2566 4309 vom
2599 4254 2636 4309 J
2639 4253 2769 4310 abre
2809 4255 2952 4311 1535

599 4345 959 4418 (abgedruekt
992 4363 1099 4401 von
1134 4346 1203 4402 K.
1227 4345 1799 4402 W.Bouterweok
1833 4346 1892 4400 in
1927 4345 2026 4401 der
2062 4342 2357 4413 „Zeitschn
2395 4344 2447 4398 d.
2470 4343 2803 4416 Bergischen
2842 4342 2950 4400 Ge-
