3259 5075
1182 295 1365 361 Anno
1420 295 1588 361 1534
1636 297 1795 361 acta.
2527 296 2666 362 493

298 474 558 556 tempus
602 471 1020 554 relinquatur.
1078 472 1250 536 Dum
1296 472 1509 536 autem
1555 471 1648 536 sic
1678 490 1925 555 pugnae
1970 470 2101 537 sint
2146 471 2396 552 intenti,
2445 491 2664 538 recens

301 578 615 644 exercitus
683 578 1006 661 perruptis
1076 577 1389 643 nobilium
1461 578 1906 644 canonicorum
1950 578 2015 643 et
2077 578 2316 643 civium
2382 578 2666 643 arcuatis

302 684 567 749 aedibus
634 686 990 750 transverso
1061 684 1307 768 impetu
1375 685 1625 767 praeter
1693 703 1870 767 spem
1916 686 1980 749 et
2039 683 2532 768 expectationem
2589 685 2662 749 in

302 791 516 857 forum
561 791 802 872 irruat;
867 810 1006 855 eam
1050 790 1184 856 fore
1229 790 1559 855 victoriam
1607 790 1820 855 minus
1867 790 2431 875 sanguinolentam.
2525 792 2662 856 Hoc

302 897 646 963 consilium
692 897 975 981 plerique
1005 897 1131 964 visi
1177 897 1328 961 sunt
1373 897 1737 981 approbare,
1785 916 2008 962 verum
2053 916 2199 962 cum
2229 897 2309 962 ad
2354 917 2492 962 eam
2528 917 2663 963 rem

303 1003 761 1069 conficiendam
790 1005 1025 1070 maiore
1057 1003 1334 1068 exercitu
1369 1022 1526 1086 opus
1559 1023 1693 1068 esse
1738 1005 2055 1086 putarent,
2103 1004 2402 1069 Ioannem
2430 1004 2662 1069 Wech-

302 1111 513 1175 lerum
559 1113 622 1175 et
665 1110 1129 1195 Hyeronimum
1170 1110 1559 1176 Busschium
1604 1111 1671 1176 et
1715 1110 1873 1176 alios
1943 1111 2246 1194 quosdam
2315 1112 2481 1177 cives
2543 1113 2676 1177 sub-

304 1218 560 1283 noctem
602 1218 670 1282 in
716 1236 909 1301 pagos
959 1217 1373 1282 circumfusos
1438 1235 1713 1300 paganos
1759 1216 1826 1282 in
1889 1216 2277 1301 praesidium
2322 1217 2665 1283 excitatum

305 1323 632 1407 ablegant,
711 1322 823 1407 qui
890 1324 1265 1389 Theodorici
1313 1344 1351 1389 a
1393 1324 1694 1407 Mervelt‚
1773 1326 2058 1408 satrapae
2101 1324 2660 1407 Woltbecensium,

306 1429 687 1495 auctoritate
756 1430 907 1495 freti
950 1430 1392 1515 ministrisque
1453 1430 1632 1496 illius
1681 1430 1904 1515 stipati
1963 1431 2247 1514 pagatim
2291 1431 2668 1516 crepitantia

305 1535 379 1600 in
425 1536 719 1601 curribus
767 1556 911 1601 aera
969 1537 1346 1603 concutiunt
1415 1537 1844 1621 agricolasque
1888 1537 1957 1601 iu
2004 1537 2313 1602 auxilium
2375 1540 2661 1604 vocant¹.

307 1641 474 1707 Cum
505 1643 717 1707 autem
746 1661 870 1707 nox
909 1642 1193 1726 instaret,
1228 1643 1486 1727 vigiliae
1515 1645 1859 1709 nocturnae
1889 1644 2187 1728 utrinque
2219 1643 2662 1727 disponuntur,

309 1745 649 1831 *utrinque
697 1748 984 1832 symbola
1028 1749 1270 1814 vocalia
1314 1749 1566 1831 dantur,
1639 1748 1871 1814 nostris
1924 1748 2318 1831 „Christus,“
2372 1749 2663 1814 retinetis
2692 1771 2789 1843 tp,
2823 1770 2958 1827 432.

313 1854 603 1934 „Pater.“
676 1854 893 1937 Neque
938 1854 1174 1919 nostris
1220 1856 1507 1938 symbola
1550 1856 1730 1920 muta
1775 1854 2021 1920 desunt.
2098 1853 2451 1919 Straminea
2496 1855 2666 1919 enim

310 1962 482 2026 serta
526 1960 597 2023 in
641 1961 833 2025 armis
878 1961 1159 2045 gestant,
1232 1980 1390 2044 quae
1436 1960 1628 2026 etiam
1696 1962 2000 2045 tanquam
2043 1960 2438 2026 innocentiae
2485 1961 2667 2044 signa

312 2086 386 2132 ex
430 2068 724 2133 omnibus
769 2067 1250 2133 irretinctorum
1294 2067 1554 2132 aedibus
1602 2067 1901 2151 suspendi
1955 2067 2276 2149 iubentur,
2325 2087 2403 2132 ue
2448 2067 2518 2131 in
2563 2067 2668 2131 fu-

308 2176 461 2239 tura
501 2173 855 2257 irruptione
900 2193 1015 2258 per
1060 2192 1335 2239 errorem
1377 2173 1540 2238 forte
1586 2173 1657 2237 in
1703 2172 1885 2238 aedes
1939 2172 2294 2238 innocentis
2341 2172 2499 2238 civis
2545 2171 2670 2237 im-

311 2283 499 2364 petus
547 2281 662 2346 fiat
681 2282 724 2346 ¹¹.
819 2280 975 2345 Inde
1036 2279 1295 2346 retincti
1366 2278 1796 2345 calumniandi
1867 2279 2188 2345 occasione
2255 2280 2512 2363 sumpta
2555 2298 2668 2343 nos

311 2406 461 2452 vero
507 2387 640 2452 Deo
671 2387 956 2470 neglecto
1003 2406 1176 2470 spem
1209 2389 1274 2451 et
1318 2385 1619 2451 fiduciam
1664 2387 1947 2450 nostram
1992 2385 2061 2450 in
2108 2386 2476 2452 stramineos
2523 2385 2669 2449 deos

314 2494 639 2576 collocare,
710 2492 826 2559 hos
871 2493 1180 2577 invocare,
1230 2494 1309 2559 ab
1354 2492 1458 2559 his
1506 2491 1816 2559 auxilium
1886 2495 2208 2576 expectare
2275 2492 2513 2577 passim
2558 2510 2672 2576 per

313 2601 559 2684 plateas
606 2599 810 2684 plenis
856 2601 1074 2665 buccis
1118 2600 1563 2666 vociferantur.
2687 2638 2698 2649 -

530 2707 842 2791 Utrinque
889 2706 980 2772 sic
1024 2707 1095 2771 in
1141 2706 1334 2773 armis
1380 2706 1592 2790 Alpha
1653 2706 2064 2790 interluente,
2126 2706 2197 2771 hi
2241 2705 2311 2770 in
2357 2704 2668 2787 orientali,

315 2812 419 2877 illi
463 2832 609 2878 vero
656 2813 726 2877 in
771 2813 1035 2879 occidua
1077 2815 1257 2897 parte
1305 2814 1483 2880 urbis
1528 2813 1598 2877 in
1645 2813 1813 2878 diem
1861 2813 2224 2897 sequentem
2275 2809 2674 2876 fremebundi

318 2918 695 2984 consistunt.
755 2918 1007 2984 Interea
1050 2918 1522 2984 Trausfluviani
1565 2938 1682 3001 per
1710 2920 1958 2985 noctem
2002 2918 2129 2985 sibi
2158 2920 2381 2984 mutuo
2429 2917 2672 2981 animos

499 3131 543 3200 ¹)
577 3130 690 3185 Ans
726 3129 871 3186 Joh.
909 3130 1269 3184 Fabricius
1305 3129 1688 3185 Bolandus:
1734 3130 1918 3185 Motus
1941 3130 2194 3195 Monast.‚
2231 3146 2312 3184 wo
2339 3146 2396 3185 es
2432 3127 2519 3184 Bl.
2548 3127 2675 3183 Ge*

318 3219 508 3274 heil'st:
712 3219 982 3288 „Mitteris
1019 3220 1077 3273 in
1113 3236 1301 3290 pagos,
1339 3219 1669 3289 Hieronyme
1705 3219 1897 3287 Busce,
1933 3220 2280 3290 propinquos,

783 3308 856 3363 Et
890 3309 995 3362 tibi
1031 3308 1368 3364 Vuechlerus
1404 3308 1547 3363 fidus
1585 3309 1656 3362 ab
1692 3307 1825 3362 urbe
1864 3324 2055 3363 comes.

711 3396 871 3451 Illico
909 3414 1007 3467 per
1041 3398 1219 3451 varios
1256 3398 1314 3451 in
1352 3398 1505 3468 equis
1543 3397 1884 3451 currentibus
1921 3413 2081 3466 agros

785 3484 1005 3539 Civibus
1041 3484 1134 3538 hei
1172 3501 1380 3539 cassam
1417 3484 1732 3539 sollicitatis
1770 3500 1942 3554 opem.

711 3572 965 3644 Namque
1002 3576 1198 3643 quater
1234 3577 1453 3627 centum
1488 3575 1654 3628 noctu
1689 3574 1904 3627 ratione
1940 3572 2158 3629 colonos

788 3661 1002 3732 Cogitis
1038 3663 1253 3733 ingenti
1288 3678 1455 3716 rauca
1489 3679 1587 3732 per
1624 3678 1752 3715 aera
1789 3661 1936 3716 citl.“

503 3748 547 3819 ¹)
584 3750 798 3805 Ebenso
835 3748 1107 3805 berichtet
1141 3750 1324 3805 Kerss.
1363 3750 1529 3804 echon
1568 3751 1624 3804 in
1662 3750 1866 3804 seinem
1901 3749 1939 3805 J
1940 3750 2361 3822 ugendgedicht.
2431 3750 2678 3820 Klopriss

318 3839 559 3895 bekannt
598 3839 673 3907 (J.
698 3840 1001 3895 Niescrt:
1040 3839 1190 3895 U.-S.
1230 3837 1278 3894 1.
1316 3839 1371 3895 S.
1399 3839 1551 3907 129):
1596 3840 1712 3906 „Do
1750 3840 1829 3893 sie
1867 3855 1933 3893 zu
1968 3838 2339 3895 Achterwater
2372 3855 2568 3907 waren,
2606 3838 2676 3893 do

319 3927 513 3982 hetten
549 3928 640 3982 die
676 3928 827 3984 alten
865 3926 1121 3983 Christen
1158 3929 1216 3981 in
1251 3928 1501 3982 Munster
1536 3927 1655 3982 sich
1689 3928 1795 3982 mit
1829 3929 1973 3982 stroe
2011 3927 2375 3998 gezeichnet.“
2444 3926 2571 3994 „Als
2609 3925 2680 3981 de

321 4014 624 4085 Christen,“
666 4020 794 4086 sagt
850 4017 1165 4071 Rothmann
1224 4016 1654 4084 (‚,Restitution“
1695 4033 1746 4072 a.
1772 4033 1820 4071 a.
1848 4015 1911 4070 Ο.
1950 4016 2006 4071 S.
2049 4016 2189 4086 109),
2248 4016 2395 4084 „sick
2448 4016 2545 4070 tho
2582 4014 2682 4069 der

320 4103 504 4159 slacht
538 4107 789 4176 gerustet
822 4103 1055 4171 hedden‚
1109 4104 1323 4160 hebben
1360 4121 1419 4160 se
1454 4122 1560 4160 van
1598 4108 1712 4159 stro
1751 4105 1872 4158 eine
1908 4104 2025 4159 loze
2062 4105 2361 4176 gemacket,
2399 4104 2529 4175 syck
2564 4103 2680 4158 und

322 4192 454 4248 dhre
488 4192 654 4248 hiiser
707 4193 962 4248 darmede
998 4193 1309 4264 vortekent‚
1366 4193 1463 4248 der
1496 4194 1789 4264 meininge‚
1826 4196 1938 4248 wat
1973 4193 2088 4249 also
2124 4193 2280 4249 nicht
2314 4193 2574 4266 getekent
2610 4209 2678 4247 en

318 4297 478 4350 were,
515 4281 727 4337 wolden
765 4298 824 4337 se
861 4281 969 4336 dan
1005 4283 1428 4353 ummebrengen
1462 4282 1608 4337 unde
1644 4281 1993 4353 plunderen.“
2039 4282 2168 4353 Vgl.
2206 4284 2343 4338 auch
2381 4282 2450 4339 H.
2478 4281 2681 4338 Gres·

320 4369 492 4425 beck
542 4370 598 4427 S.
636 4370 722 4425 17.
