3259 5075
1135 310 1319 377 Anno
1374 308 1541 375 1535
1588 310 1748 374 acta.
2483 309 2612 374 807

268 482 538 564 Quidam
566 485 803 552 debilia
831 486 1118 551 membra
1158 485 1481 551 trahentes
1526 484 1596 549 in
1624 487 1795 550 terra
1839 485 2070 567 repunt
2100 486 2164 549 et
2209 501 2616 568 quoecunque

267 590 602 657 necessitas
650 592 851 674 offert,
898 594 1239 676 usurpant,
1288 590 1590 676 quicquid
1651 590 1909 656 fortuna
1952 591 2018 655 et
2061 607 2243 654 casus
2304 590 2615 655 submini-

270 698 492 779 strant,
541 696 611 762 in
639 699 853 764 cibum
898 701 1173 764 vertunt.
1228 700 1471 764 Tantus
1504 699 1601 763 est
1645 696 1855 761 fervor
1885 695 2130 779 edendi,
2177 697 2255 760 ut
2283 715 2399 761 uec
2432 714 2617 779 sapor

268 802 543 886 amplius
589 802 957 870 discrimina
1001 804 1288 870 ciborum
1332 803 1545 869 faciat.
1608 801 1885 883 Quidam
1930 801 2175 866 viribus
2221 820 2477 885 prorsus
2510 801 2617 866 de-

269 908 485 974 stituti
551 908 621 973 in
665 927 851 976 arena
895 928 962 975 se
1004 910 1300 992 volvunt,
1366 906 1723 992 *palpitant
1764 908 1832 972 et
1888 906 2269 972 moribunda
2333 907 2620 972 membra
2641 923 2672 955 ·
2685 942 2742 997 p.
2776 924 2903 981 599.

268 1032 523 1079 sursum
568 1014 980 1099 deorsumque
1024 1015 1322 1096 trahunt3
1379 1013 1640 1099 quidam
1684 1013 1779 1078 ita
1822 1013 2038 1079 avidas
2083 1013 2295 1078 fauces
2340 1013 2617 1078 oleribus

267 1122 333 1185 et
361 1119 787 1204 virgultorum
830 1121 1002 1187 foliis
1047 1121 1344 1202 farciunt,
1391 1122 1468 1185 ut
1511 1119 1698 1202 pleno
1730 1138 1836 1185 ore
1875 1118 2287 1199 suffocentur3
2337 1117 2615 1202 quidam,

268 1225 424 1291 dum
468 1227 895 1310 procumbunt
939 1228 1005 1293 et
1047 1245 1154 1293 ore
1197 1227 1446 1291 vellunt
1488 1225 1738 1308 herbae,
1800 1224 2099 1290 dentibus
2145 1222 2358 1289 subito
2403 1241 2621 1289 morsu

267 1332 533 1415 cespites
581 1332 1060 1416 apprehendunt
1102 1335 1167 1398 et
1210 1333 1412 1398 vitam
1456 1333 1758 1398 evomunt
1777 1335 1817 1398 ¹.
1866 1330 2139 1409 Quidam
2182 1329 2617 1413 lacrimantur,

269 1437 378 1503 sed
421 1456 572 1522 prae
617 1438 912 1505 ariditate
955 1439 1251 1505 lacrimas
1293 1451 1460 1505 non⁸
1504 1437 1871 1520 effundunt3
1942 1436 2205 1522 quidam
2246 1438 2512 1520 gemunt
2555 1438 2625 1501 et

267 1543 593 1628 suspirant
636 1544 1156 1629 lamentabilique
1201 1563 1351 1610 voce
1397 1546 1788 1629 queruntur:
1840 1544 1933 1625 „0
1973 1543 2170 1608 fames
2215 1542 2618 1624 insatiabilis,

267 1668 303 1715 o
332 1650 531 1734 pestis
561 1650 704 1735 ipsa
730 1652 934 1716 morte
973 1650 1244 1717 atrocior
1274 1651 1342 1715 et
1370 1649 1704 1732 crudelior,
1737 1669 1774 1715 o
1805 1649 2191 1715 horrendum
2220 1648 2623 1732 Solymarum

266 1756 621 1840 flagellum,
666 1776 703 1822 o
749 1756 1008 1823 Iudaica
1051 1756 1217 1839 lues,
1264 1777 1301 1823 o
1347 1757 1604 1822 flamma
1653 1756 1894 1821 viscera
1959 1756 2176 1821 nostra
2219 1754 2616 1820 excrucians!

267 1861 321 1927 Ο
366 1881 557 1944 mors,
626 1880 741 1927 cur
785 1881 823 1927 a
868 1861 1050 1929 nobis
1095 1861 1335 1946 refugis
1351 1863 1383 1928 ἲ
1447 1879 1563 1927 cur
1605 1861 1826 1946 longas
1872 1861 2039 1927 vitae
2082 1879 2290 1926 moras
2336 1879 2460 1927 non
2506 1861 2619 1926 ab·

264 1967 512 2050 rumpis
525 1968 557 2033 ‘1'
605 1986 720 2032 cur
763 1987 890 2034 non
917 1970 1155 2034 metam
1183 1967 1503 2035 aerumnis
1536 1970 1601 2033 et
1630 1967 2100 2034 calamitatibus
2143 1966 2461 2050 imponis?
2505 1986 2625 2033 cur

267 2072 553 2137 miserias
602 2076 847 2139 nostras
895 2073 1110 2140 differs
1157 2076 1222 2139 et
1267 2074 1609 2140 differendo
1657 2075 1893 2159 auges?
1954 2073 2138 2140 Nihil
2184 2072 2320 2155 spei
2363 2073 2435 2138 in
2462 2074 2624 2139 urbe

265 2178 448 2245 nobis
496 2183 799 2262 superest.
881 2180 1109 2247 Omnia
1155 2182 1305 2246 sunt
1349 2200 1509 2264 pene
1553 2181 1923 2264 absumpta3
1971 2180 2167 2246 fames
2218 2180 2288 2245 in
2334 2180 2623 2265 singulas

265 2286 452 2352 horas
498 2286 832 2352 invalescit
862 2290 926 2353 et
970 2288 1374 2354 recrudescit.
1432 2287 1612 2353 Foris
1645 2306 1681 2352 a
1709 2287 1919 2353 milite
1965 2286 2197 2371 gladiis
2239 2304 2621 2369 coercemur,

265 2392 434 2458 inter
462 2393 688 2458 urbem
720 2395 785 2458 et
820 2396 1028 2460 castra
1058 2395 1512 2478 concludimur,
1561 2394 1868 2478 evagandi
1914 2392 2310 2477 abeundique
2355 2392 2622 2459 libertas

264 2499 448 2566 uobis
495 2499 817 2566 adimitur.
911 2502 1171 2568 Utinam
1229 2502 1395 2569 hanc
1440 2502 1641 2569 solam
1707 2501 1983 2588 gratiam
2027 2501 2108 2567 ab
2153 2500 2334 2566 hoste
2399 2519 2617 2567 conse-

264 2625 553 2690 quamur,
603 2609 680 2672 ut
722 2607 954 2690 gladiis
1016 2608 1428 2674 tormentisve
1493 2611 1751 2692 pectora
1794 2609 2128 2692 cutemque
2187 2608 2469 2672 nostram
2513 2606 2618 2671 vix

264 2712 513 2777 ossibus
559 2712 1003 2779 adhaerentem
1033 2713 1380 2779 confodiat!
1436 2715 1699 2780 Utinam
1730 2713 1948 2792 saniei,
1995 2731 2118 2797 qua
2165 2731 2279 2795 pro
2313 2711 2619 2795 sanguiue

265 2816 707 2899 distendimur,
769 2819 936 2884 ferro
982 2819 1152 2885 viam
1209 2819 1428 2903 faciat,
1490 2820 1739 2885 utinam
1786 2839 1820 2885 e
1864 2818 2235 2903 praecipitio
2281 2817 2508 2883 deiecti
2553 2821 2623 2884 et

264 2922 578 2988 fossarum
606 2924 786 3009 aquis
821 2925 1110 2990 suffocati
1155 2925 1528 2990 fuissemus!
1593 2925 1737 2990 Non
1765 2924 2179 2992 formidamus
2224 2923 2472 2989 hostem
2502 2942 2621 2989 nec

265 3029 469 3095 hostis
516 3049 717 3113 arma,
790 3030 900 3095 sed
966 3030 1350 3096 horrendum
1417 3033 1801 3112 monstrum,
1864 3028 2031 3114 quod
2092 3028 2617 3112 circumferimus,

265 3135 433 3217 quod
462 3136 704 3202 viscera
748 3138 967 3202 nostra
995 3136 1182 3219 rodit,
1231 3136 1399 3221 quod
1431 3137 1608 3202 artus
1640 3137 1947 3217 attenuat,
1994 3134 2163 3220 quod
2207 3135 2277 3199 iu
2307 3134 2619 3201 medullas

265 3241 607 3324 descendit,
656 3241 820 3326 quod
856 3241 1023 3308 vires
1068 3244 1315 3308 nostras
1361 3242 1661 3308 absumit.
1718 3242 1859 3307 Hoc
1889 3240 2147 3306 vulnere
2193 3239 2328 3305 sine
2358 3239 2618 3305 vulnere

264 3346 440 3412 intus
487 3346 854 3432 affligimur,
901 3347 1077 3413 intus
1124 3347 1574 3429 excruciamur‚
1630 3347 1809 3414 intus
1858 3346 1993 3412 sine
2038 3348 2239 3412 morte
2285 3345 2616 3412 morimur.

263 3451 384 3518 His
431 3453 725 3519 omnibus
756 3451 1149 3537 vulneribus,
1197 3453 1299 3520 his
1328 3454 1658 3536 molestiis,
1705 3453 1858 3519 huic
1888 3455 2189 3535 monstro,
2237 3451 2390 3518 huic
2425 3451 2617 3518 morti

265 3558 391 3625 atri
433 3559 618 3642 panis
675 3560 961 3626 crustula
1005 3560 1242 3626 mederi
1299 3562 1515 3644 posset
1530 3561 1587 3626 !“
1682 3560 1852 3626 Dum
1897 3559 1994 3625 ita
2038 3578 2214 3626 senes
2259 3559 2619 3643 matresque

478 3771 525 3832 ι)
563 3767 696 3834 fehlt
729 3770 807 3824 im
842 3770 952 3827 Me.

485 4020 523 4088 ¹)
564 4018 688 4088 „Sie
740 4019 958 4075 kunden
1012 4019 1118 4075 den
1164 4018 1453 4090 leychnam
1507 4019 1594 4072 nit
1628 4017 1735 4072 vol
1771 4020 2015 4090 tragen‚“
2074 4021 2201 4089 sagt
2239 4016 2384 4085 „Der
2419 4018 2620 4087 gantae

261 4106 517 4174 handel“;
556 4107 759 4176 „etlich
796 4109 1030 4179 giengen
1067 4108 1172 4163 mit
1207 4109 1314 4163 eim
1351 4108 1523 4177 stabe,
1566 4108 1656 4162 die
1693 4106 1897 4162 andern
1933 4106 2174 4162 kruchen
2209 4106 2310 4161 wie
2346 4103 2436 4160 die
2471 4104 2617 4159 thier

262 4195 382 4251 auff
413 4195 510 4250 der
545 4195 727 4266 erden,
780 4196 857 4251 vil
892 4196 1078 4252 bliben
1114 4196 1233 4251 auff
1262 4195 1482 4251 halbem
1516 4211 1638 4267 weg
1685 4194 1810 4250 todt
1842 4194 2021 4265 ligen3
2077 4193 2228 4250 solch
2263 4191 2471 4265 gestalt
2504 4207 2618 4247 vas

263 4284 462 4341 durche
497 4288 665 4356 ganta
701 4284 1051 4355 Konigreich,
1087 4284 1186 4340 das
1208 4285 1287 4340 ist
1320 4284 1586 4340 zwischen
1621 4282 1720 4339 der
1748 4287 1864 4339 stat
1896 4282 2010 4338 und
2033 4282 2139 4338 den
2162 4280 2612 4338 Plockheusern.“

261 4373 388 4445 Vgl.
426 4373 566 4429 auch
600 4371 746 4429 Joh.
782 4373 1167 4429 Fabricius
1202 4372 1555 4429 Bolandus
1589 4372 1678 4428 Bl.
1715 4372 1834 4428 ΥΘ.
