3259 5075
1141 282 1326 347 Anno
1379 282 1548 347 1535
1596 285 1754 347 acta.
2491 281 2620 346 839

277 458 498 524 urbem
543 460 852 542 ambiunt,
903 459 959 524 si
998 458 1148 542 quid
1197 458 1359 523 forte
1389 461 1598 523 motus
1647 456 2034 537 exaudiatur,
2082 455 2377 520 mulieres
2411 474 2482 519 ex
2513 475 2624 539 ag-

275 564 533 647 geribus
577 569 642 632 et
684 564 1174 649 propugnaculis
1220 566 1528 630 nocturna
1571 567 1637 629 et
1680 563 1923 628 incerta
1965 560 2236 626 missilia
2280 561 2348 625 in
2379 561 2624 644 equites

275 670 642 754 peditesque
671 674 972 756 vagantes
1003 671 1311 754 spargunt
1339 669 1566 753 hisque
1597 668 1806 733 verbis
1853 667 2139 733 illudunt
2157 670 2209 731 ¹:
2263 667 2618 748 „Vestros,“

276 775 597 859 inquiunt,
650 777 877 859 „duces
912 777 978 841 et
1021 775 1289 842 militiae
1334 775 1682 859 praefectos
1719 773 1871 839 satis
1917 772 2354 856 imprudenter
2398 772 2478 835 ad
2509 791 2624 836 nos

274 880 502 946 missos
570 882 913 964 prudenter
955 882 1086 947 iam
1132 881 1542 963 confecimuS,
1614 880 2026 963 praecipuum
2072 877 2340 943 militiae
2383 879 2626 942 vestrae

278 987 474 1052 robur
503 988 568 1051 et
612 987 726 1052 flos
771 987 982 1071 periit.
1054 987 1213 1069 Vah,
1261 1006 1449 1071 quam
1494 986 1811 1070 insignem
1857 984 2226 1068 reportastis
2270 983 2624 1065 victoriam,

277 1110 465 1175 quam
513 1093 723 1176 ampla
766 1093 1078 1159 retulistis
1126 1092 1358 1176 spolia!
1429 1091 1533 1157 Sic
1563 1091 1812 1157 evenire
1858 1090 2036 1172 solet,
2084 1089 2196 1173 qui
2242 1108 2307 1155 se
2338 1088 2468 1154 Deo
2515 1108 2626 1173 op·

276 1200 539 1280 ponunt,
590 1199 700 1283 qui
747 1199 872 1263 sibi
918 1199 1130 1265 omnia
1196 1200 1558 1282 arrogantes
1605 1198 1807 1263 hostis
1854 1196 1957 1262 sui
2002 1195 2167 1261 vires
2215 1197 2629 1261 contemnunt

276 1305 341 1368 et
386 1305 818 1387 aspernantur.
879 1305 1065 1370 Nunc
1110 1305 1303 1371 dicite
1349 1324 1462 1370 nos
1491 1304 1657 1369 fame
1703 1304 1766 1367 et
1815 1301 2026 1368 inedia
2071 1301 2303 1367 fractos
2351 1300 2626 1365 viribus-

276 1428 397 1493 que
442 1409 811 1476 exhaustos!
874 1411 1097 1475 Plures
1144 1410 1325 1475 nobis
1371 1408 1736 1475 mactandos
1784 1410 1849 1473 et
1893 1407 2309 1472 conficiendos
2354 1405 2623 1471 mittite!

277 1514 575 1581 Sentietis
621 1534 821 1599 neque
866 1516 1107 1582 animos
1153 1535 1354 1600 neque
1385 1517 1551 1581 vires
1597 1515 1779 1581 nobis
1826 1513 2036 1579 deesse
2055 1514 2112 1579 !“
2187 1513 2373 1578 Miles
2420 1512 2496 1578 de
2528 1531 2626 1576 sa-

277 1619 409 1685 lute
454 1620 959 1686 commilitonum
1007 1641 1265 1688 suorum
1308 1621 1532 1687 anxius
1564 1623 1629 1687 et
1675 1640 1902 1704 anceps
1948 1619 2051 1684 his
2098 1617 2396 1683 ludibriis
2442 1616 2627 1682 femi-

276 1725 411 1792 neis
459 1727 859 1793 vehementer
925 1729 1361 1794 consternatur
1426 1746 1627 1810 neque
1697 1727 1825 1792 iam
1883 1724 2135 1791 dubitat
2202 1743 2416 1789 omnes
2478 1741 2625 1788 cum

275 1831 559 1898 Hensulo
605 1832 674 1897 in
720 1832 941 1898 urbem
986 1833 1211 1898 missos
1257 1851 1392 1898 esse
1441 1831 1769 1897 extinctos.

454 1936 743 2004 *Interea
804 1938 1005 2003 nostri
1049 1958 1083 2003 e
1129 1957 1346 2022 campo
1416 1937 1733 2003 dominico
1801 1937 2103 2002 retinctos
2173 1936 2485 2019 fugientes
2547 1935 2628 2001 ad
2652 1952 2748 2023 ⁸p.
2786 1952 2916 2009 614,

275 2044 486 2110 forum
529 2063 727 2127 usque
787 2047 1249 2128 persequuntur
1293 2044 1585 2129 viamque
1653 2046 1856 2110 totam
1918 2043 2323 2108 cadaveribus
2371 2043 2436 2106 et
2482 2060 2625 2107 san-

275 2150 466 2233 guine
513 2151 822 2215 sternunt.
890 2151 1126 2215 Verum
1170 2150 1240 2214 in
1269 2150 1403 2215 foro
1434 2169 1506 2215 ex
1549 2149 2015 2215 munitionibus
2061 2147 2480 2213 tumultuario
2527 2148 2622 2212 la-

275 2255 425 2320 bore
471 2275 544 2320 ex
580 2255 765 2335 vasiS,
814 2255 1082 2337 scannis,
1131 2254 1472 2338 lapidibus,
1519 2255 1732 2338 lignis,
1783 2254 2040 2336 tabulis,
2088 2254 2397 2336 trabibuS,
2447 2253 2631 2319 sudi-

275 2360 394 2426 bus
442 2361 709 2445 aliisque
754 2362 943 2426 rebus
974 2360 1198 2426 erectis
1244 2360 1336 2424 ita
1364 2361 1434 2425 in
1463 2362 1711 2426 nostros
1758 2363 2000 2443 tonant,
2049 2363 2124 2426 ut
2166 2360 2314 2428 inde
2361 2360 2630 2445 repelle-

274 2468 513 2531 rentur.
582 2467 779 2532 Erant
824 2467 995 2531 enim
1041 2484 1253 2532 omnes
1301 2467 1599 2532 continuo
1647 2486 1967 2534 armorum
2011 2468 2223 2533 labore
2270 2467 2621 2552 defatigati.

274 2572 556 2637 Retincti
600 2593 744 2638 vero
792 2573 1059 2639 subinde
1120 2573 1298 2639 novis
1342 2575 1590 2639 viribus
1660 2575 1998 2641 refocillati
2045 2576 2288 2639 nostros
2336 2573 2624 2640 cedentes

276 2680 644 2760 sequuntur.
735 2679 951 2762 Neque
1017 2682 1227 2744 tamen
1290 2680 1492 2745 nostri
1539 2680 1661 2745 etsi
1722 2679 2020 2746 delassati
2089 2700 2264 2764 spem
2323 2680 2627 2744 victoriae

276 2783 614 2867 abiiciunt,
664 2785 791 2868 sed,
859 2785 932 2848 ut
986 2783 1172 2867 fugae
1221 2784 1689 2866 turpitudinem
1743 2784 1981 2850 virtute
2035 2784 2332 2866 delerent,
2383 2784 2625 2850 animos

276 2892 606 2955 resumunt
649 2891 1004 2975 iterumque
1051 2888 1176 2955 sibi
1221 2889 1391 2954 viam
1436 2889 1599 2954 ferro
1647 2890 1909 2955 faciunt.

487 2995 736 3061 Interea
765 3015 871 3061 rex
915 2996 1084 3060 inter
1113 3013 1289 3077 spem
1333 2997 1699 3079 metumque
1744 2995 2004 3061 haerens
2035 2995 2203 3060 circa
2247 2996 2464 3060 horam
2497 2998 2624 3061 ter-

273 3100 434 3166 tiam
477 3100 684 3166 noctis
729 3101 1107 3185 legationem
1167 3100 1662 3184 intercipiendae
1707 3120 1954 3185 pugnae
1996 3100 2205 3185 gratia
2248 3100 2326 3165 ad
2372 3104 2624 3166 utrum-

492 3403 533 3469 ¹)
569 3401 638 3457 H.
677 3402 1031 3457 Gresbeck
1087 3403 1141 3459 S.
1179 3402 1341 3457 2061
1381 3401 1616 3470 erzahlt,
1655 3403 1755 3456 wie
1793 3418 1865 3470 er,
1904 3400 2167 3456 nachdem
2205 3400 2301 3455 das
2338 3398 2487 3454 'Phor
2520 3417 2625 3455 von

273 3490 378 3544 den
417 3490 850 3545 Wiedertaufern
903 3490 1248 3561 geschlossen
1285 3508 1411 3560 war,
1461 3492 1519 3545 in
1556 3490 1654 3545 der
1689 3491 2016 3560 Umgebung
2051 3488 2302 3544 Wirich’s
2340 3506 2387 3543 v.
2424 3488 2624 3543 Dhaun

271 3594 369 3632 vor
422 3578 544 3632 dem
579 3579 758 3634 Thore
811 3596 1057 3647 gewesen
1094 3580 1190 3648 sei,
1250 3578 1394 3646 „und
1428 3596 1605 3634 weren
1661 3578 1715 3633 al
1752 3581 1811 3633 in
1845 3578 2084 3649 hoppen,
2140 3579 2219 3632 sie
2256 3575 2464 3631 wolden
2520 3577 2624 3632 den

274 3666 479 3720 andern
514 3668 572 3721 in
609 3665 697 3721 die
733 3670 848 3721 stat
882 3667 1096 3738 gefolgt
1130 3666 1357 3722 hebben.
1409 3667 1495 3722 Do
1533 3669 1612 3722 sie
1649 3668 1804 3722 nicht
1839 3666 2025 3737 folgen
2062 3664 2293 3734 konden,
2333 3664 2402 3720 do
2438 3666 2626 3736 riepen

274 3754 362 3809 die
396 3754 796 3823 lantzknechte,
834 3755 932 3809 dat
966 3772 1075 3810 wer
1109 3755 1390 3810 Henskens
1426 3772 1531 3810 von
1567 3756 1665 3810 der
1698 3755 1900 3826 langen
1933 3755 2156 3811 Straten
2192 3754 2350 3810 stuck
2387 3755 2474 3808 ein
2512 3753 2625 3809 und

271 3841 447 3897 hedde
484 3844 562 3898 sie
598 3843 858 3898 verraden
896 3882 909 3895 .
931 3883 945 3896 .
967 3883 979 3896 .
1016 3843 1113 3898 Als
1150 3845 1229 3899 sie
1266 3844 1334 3898 do
1373 3844 1576 3898 widder
1621 3845 1736 3900 siut
1769 3861 1873 3899 von
1912 3844 2008 3899 der
2043 3847 2158 3899 stat
2193 3842 2515 3915 gewiecken,
2554 3843 2622 3897 do

271 3930 481 3986 hebben
519 3931 608 3986 die
642 3933 806 3987 wiver
855 3932 956 3986 uth
992 3932 1089 3987 der
1125 3936 1239 3987 stat
1291 3949 1552 4003 geropen,
1605 3934 1686 3987 sie
1734 3933 1922 3988 solden
1974 3932 2174 3987 wieder
2224 3931 2456 3986 khomen
2510 3930 2623 3985 und

271 4017 455 4074 hollen
491 4021 540 4073 ir
575 4024 731 4090 grote
766 4021 934 4076 hense
969 4020 1182 4089 wieder,
1237 4020 1350 4075 und
1385 4020 1596 4075 hebben
1652 4022 1980 4092 gesungen.“
2058 4020 2209 4076 Ganz
2266 4019 2485 4074 ahnlich
2521 4020 2622 4074 wie

269 4106 390 4162 hier
424 4106 557 4161 vird
612 4107 710 4162 das
745 4107 1073 4163 Verhbhnen
1128 4109 1330 4164 seitens
1383 4108 1481 4162 der
1516 4107 1914 4163 Wiedertaufer
1966 4109 2024 4162 in
2061 4107 2157 4163 der
2210 4107 2620 4163 Miinsterschen

267 4195 744 4251 Bischofschronik
781 4197 879 4265 (M.
918 4195 1075 4262 G.-Q.
1112 4195 1159 4265 1,
1198 4196 1326 4264 337)
1367 4195 1716 4267 geschildert.
1777 4196 1832 4251 S.
1870 4196 2010 4250 auch
2048 4196 2151 4250 den
2190 4194 2620 4266 „Warhafftigen

269 4283 511 4338 bericht“
552 4284 665 4338 und
700 4283 842 4339 Joh.
885 4285 1259 4339 Fabricius
1294 4283 1660 4339 Bolandus
1708 4284 1796 4340 Bl.
1836 4285 1946 4340 Z8.
