3259 5075
1097 252 1283 319 Anno
1336 254 1505 319 1535
1549 255 1707 319 acta.
2438 254 2567 318 829

240 428 580 512 praemium
627 428 751 494 sibi
786 428 994 511 donet,
1047 428 1383 512 capiendae
1412 430 1588 495 urbis
1632 430 1942 496 rationem
1973 432 2038 497 et
2080 430 2417 496 consilium
2460 431 2569 495 da-

238 537 485 617 turum3
535 555 599 601 se
630 535 887 601 victoris
928 535 1238 601 exercitus
1269 535 1597 602 ductorem
1642 535 1946 619 futurum,
1996 556 2060 602 se
2091 536 2159 602 111
2204 538 2411 621 prima
2440 537 2570 602 acie

238 642 499 725 iturum,
550 661 614 708 se
660 642 931 725 primam
975 642 1226 708 itineris
1270 642 1537 727 glaciem
1605 645 1972 727 rupturum,
2022 663 2088 709 se
2132 643 2358 728 primis
2401 643 2571 725 peri-

239 749 393 815 culis
425 751 618 833 caput
662 768 849 815 suum
881 749 1305 832 obiecturum3
1354 770 1437 832 se,
1486 769 1632 815 cum
1662 749 1932 834 vigilum
1976 750 2326 833 praefectus
2357 749 2568 831 fuerit,

238 877 442 922 omnes
489 875 743 921 arcanos
777 857 1021 921 meatus
1067 856 1333 938 novisse,
1382 856 1506 922 sibi
1552 856 1925 922 munitionis
1958 858 2021 922 et
2064 857 2242 923 urbis
2271 857 2407 921 vias
2439 875 2571 922 esse

239 963 531 1047 cognitas,
581 983 645 1028 se
677 963 889 1028 locum
935 961 1337 1045 impressioni
1382 962 1855 1028 accommodum
1900 964 1964 1028 et
2008 965 2215 1028 mente
2262 964 2327 1027 et
2372 962 2570 1027 oculis

237 1068 608 1153 designasse,
656 1089 721 1135 se
754 1089 901 1135 cum
945 1069 1262 1135 militibus
1310 1069 1540 1134 laetam
1585 1069 1721 1134 sine
1758 1068 1950 1135 dubio
1979 1069 2312 1136 victoriam
2355 1087 2569 1152 repor-

235 1176 532 1241 taturum.
597 1176 880 1241 Militum
923 1176 1088 1241 vires
1120 1195 1253 1242 esse
1299 1173 1623 1258 re⁴eentes,
1673 1175 1842 1259 ipsos
1873 1194 2005 1241 esse
2049 1175 2420 1259 impavidos,
2468 1194 2570 1241 ro-
2595 1194 2693 1267 Ἰ),
2729 1194 2860 1251 610,

235 1285 450 1351 bustos
496 1285 810 1369 armisque
859 1285 1243 1368 exercitatos,
1292 1285 1536 1351 hostem
1567 1304 1712 1350 vero
1758 1284 2061 1351 diuturna
2103 1282 2314 1348 inedia
2342 1281 2570 1347 debili-

234 1392 458 1473 tatum,
506 1391 670 1456 vires
715 1390 893 1458 illius
939 1391 1128 1475 longa
1156 1391 1319 1456 fame
1350 1410 1484 1457 esse
1516 1391 1766 1457 attritas
1798 1393 1864 1456 et
1891 1390 2154 1470 fractas;
2203 1388 2573 1472 sanguinem

234 1497 549 1562 fervidum
580 1499 643 1562 et
671 1497 956 1563 validum
999 1498 1069 1562 111
1100 1498 1336 1563 saniem
1367 1497 1666 1582 frigidam
1697 1500 1762 1563 et
1792 1497 2063 1563 debilem
2095 1495 2335 1562 sordidi
2362 1494 2569 1560 vietus

236 1622 420 1669 causa
464 1606 941 1685 commutatum,
988 1604 1200 1687 ipsum
1230 1604 1333 1669 vix
1376 1605 1660 1670 membra
1703 1603 1837 1669 sine
1867 1603 2077 1685 3111113,
2127 1601 2361 1667 nedum
2398 1619 2572 1667 arma

233 1729 477 1775 movere
524 1729 721 1793 posse.
817 1710 1142 1793 Simulque
1189 1709 1438 1775 consilii
1484 1711 1583 1776 sui
1629 1709 1937 1776 rationem
1993 1708 2281 1792 explicat.
2358 1708 2570 1773 Matu-

234 1816 500 1882 randum
546 1819 756 1882 autem
802 1836 934 1882 esse
980 1819 1227 1900 suadet,
1290 1836 1367 1882 113
1414 1817 1763 1882 communis
1831 1816 2026 1883 totius
2072 1810 2251 1881 urbis
2297 1816 2567 1895 flamma,

234 1923 311 1988 ad
358 1942 548 2007 quam
590 1923 659 1987 111
692 1925 964 1989 extremo
1010 1924 1290 2007 periculo
1338 1923 1636 2007 oppidani
1682 1924 2077 2007 desperantes
2122 1922 2254 1987 sint
2285 1920 2570 2005 confugi-

234 2029 393 2112 turi,
466 2030 628 2095 hanc
674 2031 1151 2113 impressionem
1196 2032 1610 2113 antevertant,
1660 2049 1737 2095 ne
1784 2029 2165 2095 horrendum
2211 2027 2573 2093 incendium

234 2137 455 2201 urbem
500 2137 783 2202 devastet
812 2139 874 2202 et
905 2137 1126 2219 deleat,
1176 2156 1253 2202 ne
1283 2137 1597 2221 praedam,
1648 2156 1836 2220 quam
1879 2134 2007 2200 iam
2038 2133 2149 2199 diu
2179 2134 2361 2199 miles
2393 2131 2573 2198 avide

235 2243 602 2326 expectavit,
652 2244 907 2309 flamma
950 2244 1241 2308 absumat
1258 2246 1299 2309 ¹.

446 2349 890 2431 HammoniuS,
962 2348 1074 2432 qui
1121 2350 1379 2415 consilio
1439 2348 1710 2414 Hensuli
1752 2347 1822 2414 in
1867 2348 2114 2414 diversa
2177 2346 2412 2412 militia
2456 2345 2573 2410 ali-

235 2454 480 2540 quoties
527 2455 799 2521 feliciter
840 2474 993 2520 usus
1038 2455 1269 2539 fuerat,
1333 2455 1618 2521 auditam
1664 2454 1998 2538 capiendae
2043 2453 2222 2520 urbis
2269 2451 2575 2517 rationem

234 2563 430 2628 altius
476 2582 685 2628 secum
729 2563 929 2628 volvit
948 2564 989 2627 ².
1060 2562 1188 2628 Ubi
1231 2583 1376 2628 vero
1420 2563 1666 2628 nullam
1712 2562 2191 2640 eommodiorem
2237 2556 2575 2643 excogitari

234 2687 416 2751 posse
449 2669 911 2751 animadvertit,
961 2669 1259 2735 continuo
1290 2688 1423 2735 rem
1454 2671 1655 2735 totam
1682 2688 1794 2753 per
1820 2669 2036 2734 literas
2068 2665 2343 2751 principi
2375 2663 2574 2748 signi-

233 2774 387 2839 ficat
441 2776 657 2840 tutum
717 2777 1134 2840 commeatum
1193 2793 1306 2859 pro
1368 2775 1720 2859 transfuga,
1784 2795 1970 2858 quem
2030 2774 2236 2840 adhuc
2295 2771 2462 2855 apud
2507 2789 2573 2835 se

451 3007 492 3076 ¹)
528 3006 628 3060 Bei
665 3006 806 3062 Joh.
843 3006 1215 3060 Fabricius
1251 3004 1606 3060 Bolandus
1643 3004 1835 3059 3.3.Ο.
1870 3004 2040 3060 heisst
2063 3020 2119 3058 es
2154 3018 2258 3057 von
2294 3001 2445 3056 Hans
2467 3016 2572 3054 von

234 3095 333 3150 der
369 3096 830 3166 Langenstraten:

559 3185 796 3251 „Doctus
833 3186 890 3238 in
928 3179 1044 3238 arte
1083 3200 1196 3252 3113,
1236 3199 1399 3254 quam
1436 3183 1650 3252 saepius
1687 3184 1815 3236 ante
1851 3181 2123 3251 probarat,

664 3274 824 3345 Spem
861 3274 996 3328 facit
1031 3273 1165 3328 haec
1202 3290 1374 3342 pauco
1410 3272 1586 3326 milite
1622 3288 1779 3341 posse
1816 3272 1955 3341 capi.

555 3361 729 3433 quue
765 3364 931 3433 prius,
968 3366 1143 3417 totam
1180 3378 1340 3432 quam
1376 3361 1594 3415 flamma
1627 3362 1897 3414 voraverit
1931 3360 2119 3414 urbem

661 3451 841 3522 Impia
877 3451 1075 3523 detque
1112 3451 1295 3506 furens
1331 3450 1529 3505 damna
1562 3454 1758 3520 parata
1793 3450 1957 3517 focis;

556 3541 701 3595 Nam
737 3541 965 3611 dapibus
1001 3540 1165 3611 plane
1202 3541 1533 3609 consumptis
1569 3556 1726 3593 urere
1763 3542 1967 3594 sectam

659 3629 773 3683 Hos
812 3630 893 3684 ita
928 3632 1209 3699 capturam
1247 3629 1592 3683 constituisse
1628 3627 1833 3697 fugam.

558 3718 828 3773 Saevitiae
864 3718 1041 3773 fatum
1076 3735 1174 3788 per
1207 3717 1354 3773 bella
1389 3719 1614 3772 cruenta
1648 3716 1941 3787 petendum

663 3806 925 3861 Omnibus
963 3808 1220 3862 instantis
1256 3807 1628 3876 praeposuisse
1664 3805 1873 3860 famis.“

228 3894 391 3949 Auch
427 3895 495 3950 Η.
535 3894 877 3950 Gresbeck
928 3894 982 3950 S.
1021 3896 1127 3949 214
1163 3894 1388 3962 erzahlt,
1444 3894 1563 3948 dass
1602 3910 1661 3948 er
1696 3893 1837 3947 habe
1874 3910 2041 3963 sagen
2077 3892 2260 3961 1161311,
2297 3909 2451 3947 wenn
2488 3891 2576 3945 die

230 3982 403 4038 Stadt
437 3984 521 4038 bis
559 3984 658 4038 auf
707 3983 811 4038 den
847 3984 1049 4038 letzten
1086 3984 1253 4038 Manu
1309 3983 1567 4054 gehalten
1602 3984 1709 4051 sei,
1751 3999 1840 4048 „so
1877 3982 2084 4036 wolden
2122 3983 2200 4036 sie
2240 3981 2449 4036 hebben
2487 3981 2575 4035 die

229 4075 352 4127 stat
389 4071 749 4142 angestecken
791 4072 901 4126 und
938 4072 1149 4127 hebben
1187 4073 1265 4126 313
1302 4072 1533 4142 gebrant
1569 4072 1624 4125 in
1664 4070 1769 4125 den
1805 4073 2017 4141 grunt.“

452 4160 498 4229 ²)
537 4160 687 4215 Ganz
726 4160 944 4215 3111111311
1000 4164 1126 4231 sagt
1172 4161 1240 4216 D.
1279 4161 1455 4216 Lilie
1511 4160 1564 4215 S.
1602 4159 1730 4213 257:
1775 4159 2079 4226 „Bedachte
2113 4158 2366 4229 Meynart
2419 4158 2576 4212 einen

229 4249 447 4305 suellen
497 4250 668 4318 raidt,
723 4267 808 4305 wu
844 4250 914 4305 he
950 4250 1238 4305 Hanseken
1275 4251 1332 4305 in
1368 4249 1614 4305 vortideu
1670 4251 1727 4303 in
1764 4250 1916 4303 sinen
1971 4248 2258 4318 anaclegen
2314 4247 2578 4318 gebruket

227 4338 429 4406 hedde,
469 4339 535 4394 de
573 4355 657 4394 em
699 4338 1020 4410 gelungen.“
