3259 5075
320 2171 390 2215 88.
417 2167 576 2224 April.

321 2371 421 2446 Ἴ).
458 2373 579 2430 601.

618 279 752 345 810
1479 280 1667 346 Anno
1719 281 1888 347 1535
1932 283 2090 347 acta.

614 454 763 520 data
806 457 971 521 esset
1015 454 1172 538 ipsis
1220 455 1402 539 copia
1445 455 1601 539 cibi,
1664 455 2047 540 quibusdam
2094 458 2272 524 oneri
2331 459 2541 542 coepit
2583 479 2720 526 esse
2757 457 2972 525 cibus.

610 562 847 626 Dentes
877 560 1147 627 dissueti
1175 561 1496 627 alimentis
1527 563 1823 628 mandere
1854 563 2103 648 ingesta
2130 583 2258 630 non
2288 566 2599 648 poterant,
2646 565 2978 631 invalidus

609 669 747 732 erat
790 686 1064 751 morsus,
1113 667 1426 734 obstructi
1485 670 1668 734 erant
1709 671 1956 735 meatus
2015 669 2489 755 alimentorum,
2558 670 2972 755 obriguerant

607 772 912 839 interiora
955 773 1297 856 viscerum,
1371 773 1703 841 interclusi
1746 777 1928 841 erant
1993 776 2276 842 faucium
2335 775 2593 857 ductus,
2664 777 2978 841 aruerant

607 878 832 945 iecoris
861 898 1056 945 venae
1086 879 1304 945 cibum
1350 881 1760 948 attrahentes.
1820 880 2112 948 Aviditas
2157 882 2418 966 quidem
2450 882 2673 953 edendi
2703 882 2964 962 mansit,

605 985 845 1052 mansit
889 986 1253 1070 appetentia
1281 987 1431 1070 cibi,
1480 988 1590 1053 sed
1635 988 1863 1054 edendi
1907 1007 2062 1054 usus
2106 988 2436 1054 defecerat.
2499 987 2699 1054 Cibus
2743 987 2974 1072 imque

606 1092 903 1176 pluribus
935 1092 1310 1176 periculum,
1360 1112 1551 1177 quam
1582 1093 1853 1160 salutem
1883 1094 2224 1176 adferebat,
2275 1095 2344 1159 in
2374 1092 2607 1178 quibus
2637 1093 2974 1177 appetitus

607 1197 831 1263 edendi
896 1199 1209 1265 rationem
1275 1200 1739 1283 pmcurrebat.
1833 1200 2107 1279 Quidam
2152 1200 2322 1266 enim
2384 1219 2714 1266 mensurae
2760 1199 2968 1265 nescii

607 1321 797 1387 supra
840 1304 1100 1370 modum
1130 1305 1346 1371 cibum
1389 1306 1762 1390 ingerebant
1805 1306 2070 1391 ideoque
2099 1307 2303 1391 magis
2351 1307 2740 1373 inflabantur
2771 1306 2968 1372 solito

606 1408 767 1491 cibo,
841 1426 1029 1494 quam
1074 1410 1539 1495 reficiebantur,
1586 1415 1653 1478 et
1696 1413 2024 1496 repentino
2093 1413 2234 1478 cibo
2290 1413 2443 1478 farti
2508 1413 2855 1495 crepabant
2899 1415 2976 1478 et

606 1517 1064 1600 rumpebantur
1082 1519 1122 1582 ¹.
1171 1516 1296 1598 Qui
1327 1537 1472 1583 vero
1515 1518 1827 1601 paulatim
1857 1520 1921 1584 et
1963 1537 2156 1603 parca
2196 1537 2390 1584 manu
2421 1518 2584 1583 cibis
2612 1518 2976 1583 utebantur

606 1623 671 1687 et
713 1621 1021 1688 fervorem
1065 1622 1291 1688 edendi
1335 1623 1824 1706 frustrabantur,
1872 1624 2070 1690 donec
2115 1643 2150 1690 e
2194 1622 2479 1690 dissueta
2520 1624 2739 1689 cibum
2781 1623 2966 1707 capi·

604 1727 753 1793 endi
798 1728 1251 1794 consuetudine
1297 1729 1376 1796 ad
1422 1729 1769 1814 pristinum
1811 1749 2003 1797 usum
2061 1732 2541 1811 reverterentur,
2604 1729 2968 1813 periculum

605 1834 969 1900 evadebant.

819 1941 990 2007 Haec
1019 1961 1167 2007 cum
1197 1942 1453 2008 miseria
1482 1943 1547 2009 et
1586 1942 1912 2009 calamitas
1959 1961 2353 2026 egressorum
2381 1941 2666 2026 quotidie
2696 1960 2770 2006 ex
2800 1942 2968 2007 urbe

605 2047 994 2113 elabentium
1039 2050 1105 2113 et
1149 2047 1217 2113 in
1261 2068 1455 2134 regno
1518 2048 1723 2115 instar
1789 2050 2123 2115 brutorum
2189 2049 2536 2115 errantium
2597 2066 2712 2132 per
2754 2047 2960 2114 Uber-

607 2153 909 2236 eteniam,
956 2154 1226 2221 militiae
1270 2155 1681 2238 praefectum,
1751 2157 1854 2222 22.
1902 2155 2144 2240 Aprilis
2190 2155 2270 2220 ad
2314 2154 2668 2238 principem
2713 2154 2966 2238 perlata

604 2261 768 2324 esset
786 2260 829 2342 ²,
878 2260 1168 2344 princeps
1215 2260 1586 2345 ingemescit
1631 2263 1697 2327 et
1740 2261 1919 2326 urbis
1966 2265 2031 2327 et
2074 2279 2469 2346 egressorum
2513 2259 2837 2325 miseriam
2885 2278 2964 2325 ex

606 2365 815 2430 animo
861 2364 1167 2448 deplorat,
1215 2364 1478 2432 *manus
1524 2368 1590 2431 in
1639 2368 1885 2433 coelum
1929 2367 2171 2433 attollit
2215 2371 2281 2433 et
2326 2386 2392 2433 se
2430 2368 2564 2432 tam
2607 2364 2960 2431 horrendae

604 2469 983 2537 calamitatis
1015 2489 1266 2538 causam
1296 2492 1422 2539 non
1453 2493 1586 2540 esse
1615 2475 1907 2557 testatur,
1957 2472 2068 2559 qui
2115 2492 2299 2558 saepe
2328 2471 2664 2558 oppidanis
2711 2472 2779 2538 in
2817 2471 2968 2556 ipsa

604 2577 929 2643 obsidione
973 2597 1192 2662 pacem
1223 2582 1287 2645 et
1330 2580 1556 2664 culpae
1597 2580 1871 2663 gratiam
1917 2580 2258 2647 obtulisset
2284 2580 2484 2662 ultr03
2533 2579 2590 2645 si
2628 2578 2968 2662 impietate

603 2686 670 2749 et
713 2684 1053 2751 rebellione
1096 2685 1304 2769 posita
1348 2705 1567 2770 pacem
1610 2687 1802 2753 toties
1847 2687 2125 2753 oblatam
2168 2686 2523 2770 elegissent,
2572 2704 2638 2751 se
2683 2686 2964 2750 clemen·-

601 2788 925 2856 tissimum
989 2791 1124 2856 illis
1185 2791 1476 2857 futurum
1542 2790 1769 2873 fuisse;
1839 2792 1954 2858 ubi
2001 2812 2146 2858 vero
2193 2792 2433 2858 bellum
2479 2810 2671 2876 quam
2715 2810 2956 2874 pacem,

601 2896 964 2981 angustiam
1008 2916 1199 2982 quam
1243 2898 1622 2981 libertatem,
1672 2898 1903 2964 famem
1935 2918 2127 2983 quam
2156 2898 2514 2965 satietatem
2558 2897 2955 2978 maluissent,

602 3022 669 3069 se
712 3003 1061 3070 necessario
1107 3023 1221 3088 pro
1266 3003 1627 3070 defensione
1671 3004 1908 3089 gloriae
1952 3004 2092 3087 Dei,
2140 3004 2487 3072 catholicae
2533 3003 2859 3088 religionis
2892 3006 2964 3067 et

600 3109 985 3194 reipublicae
1026 3109 1514 3195 tranquillitatis
1560 3109 1642 3176 ad
1681 3129 1858 3176 arma
1900 3112 2297 3194 protractum
2310 3112 2366 3194 ⁸3
2414 3129 2627 3176 coram
2654 3110 2788 3175 Deo
2832 3108 2963 3175 ita-

601 3235 725 3301 que
771 3217 838 3282 et
879 3216 1245 3283 hominibus
1292 3234 1358 3281 se
1402 3217 1481 3282 ab
1526 3216 1644 3282 illa
1687 3216 1864 3283 clade
1907 3218 2252 3301 purgatum
2296 3236 2449 3284 esse.

819 3464 860 3533 ¹)
895 3463 966 3519 In
1002 3465 1179 3520 einem
1213 3464 1562 3520 undatierten
1598 3465 1880 3536 Konzepte
1922 3481 1989 3519 zu
2026 3466 2205 3520 einem
2239 3464 2536 3521 Schreiben
2571 3463 2666 3520 des
2701 3462 2964 3518 Bischofs

603 3569 676 3608 an
699 3553 805 3609 den
828 3552 1149 3609 Enbischof
1164 3570 1270 3610 von
1292 3552 1437 3609 Koln
1460 3552 1632 3609 heil'st
1654 3569 1714 3609 es
1751 3553 1946 3622 (st-A.
1964 3553 2041 3608 M.
2065 3553 2143 3609 M.
2160 3553 2222 3608 L.
2240 3553 2306 3609 A.
2332 3553 2532 3614 518119
2557 3552 2657 3608 vl.
2682 3551 2776 3608 fol.
2796 3551 2955 3620 200:

606 3680 688 3709 „..
711 3682 725 3696 .
763 3640 890 3697 ‹lvil
926 3642 1016 3697 ein
1050 3641 1162 3697 deil
1213 3641 1488 3713 bedagten
1532 3641 1648 3697 und
1682 3641 1943 3697 kinderen
1992 3641 2096 3697 uth
2130 3641 2228 3698 der
2262 3641 2416 3698 stadt
2469 3641 2812 3697 entkommen
2847 3657 2958 3695 von

601 3730 707 3786 den
743 3729 1013 3786 knechten
1046 3730 1366 3801 ynvendich
1401 3730 1498 3787 der
1532 3729 1703 3801 grafft
1746 3747 1906 3801 spyse
1940 3729 2055 3785 und
2089 3729 2293 3785 dranck
2329 3729 2433 3785 uth
2469 3728 2792 3800 christligen
2827 3729 2961 3784 mit·

600 3817 767 3890 lyden
801 3818 1062 3890 gereickt,
1110 3818 1312 3875 zinth
1348 3818 1719 3875 derselven
1755 3817 1984 3889 etlige
2020 3817 2231 3873 durch
2266 3818 2361 3874 vil
2396 3817 2768 3888 begirlige
2803 3820 2958 3872 act·

602 3922 777 3978 sung
811 3906 923 3963 des
958 3908 1182 3963 broits
1216 3906 1350 3962 und
1384 3908 1574 3979 spise
1601 3906 1974 3977 jehelings
2012 3906 2362 3962 eretickt.“

814 3994 858 4063 ²)
891 3995 1172 4053 Vielmehr
1205 3994 1377 4051 durch
1411 3995 1511 4051 das
1548 3995 1688 4051 oben
1724 3995 1780 4051 S.
1816 3995 1925 4050 805
1959 3994 2120 4050 Anm.
2144 3996 2179 4050 2
2216 3993 2492 4050 erwflhnte
2528 3993 2822 4050 Schreiben
2856 3992 2957 4049 der

599 4083 986 4140 bischoflichen
1020 4083 1179 4140 Rata.

815 4171 862 4243 ⁸)
896 4171 1003 4228 Die
1025 4172 1167 4228 Bato
1201 4171 1395 4227 hatten
1430 4171 1488 4227 in
1511 4171 1688 4227 ihrem
1711 4169 2006 4226 Schreiben
2035 4169 2142 4225 den
2164 4169 2395 4226 Bischof
2426 4170 2677 4242 gebeton,
2713 4187 2773 4225 er
2795 4173 2957 4241 mogo

600 4259 941 4331 schleunigst
972 4277 1078 4316 von
1100 4260 1274 4331 Iburg
1307 4258 1450 4315 nach
1473 4258 1733 4316 Wolbeck
1769 4258 2036 4328 kommen,
2072 4274 2165 4313 um
2189 4260 2297 4313 mit
2317 4258 2501 4327 ihnen,
2537 4257 2663 4313 dem
2686 4257 2959 4313 Obersten

598 4348 713 4403 und
748 4348 853 4404 den
876 4348 1231 4420 Kriegsrtten
1266 4349 1401 4404 fiber
1434 4347 1524 4403 die
1544 4345 1912 4418 Behandlung
1946 4346 2044 4403 der
2065 4345 2395 4417 Flfichtigen
2434 4363 2501 4402 zu
2525 4347 2774 4413 beraten;
2812 4345 2958 4401 auch
