3259 5075
1161 320 1344 385 Anno
1400 320 1568 384 1534
1616 321 1774 383 acta.
2507 318 2639 383 573

279 495 661 578 Trutlingus
709 495 834 559 sibi
866 495 1131 560 coelitus
1165 515 1201 560 a
1229 495 1418 560 Patre
1462 494 1772 559 rationem
1818 493 2244 559 demoliendae
2290 493 2487 558 turris
2528 514 2641 576 per

282 603 604 667 somnium
648 602 1027 685 inspiratam
1074 620 1208 667 esse
1253 602 1662 667 multitudini
1706 600 2059 684 persuadet,
2110 619 2146 664 a
2187 618 2310 683 qua
2354 601 2427 663 ad
2481 619 2639 683 opus

281 708 746 773 conficiendum
791 708 1194 774 vehementer
1263 708 1588 773 incitatur.
1685 707 1956 772 Proinde
2003 725 2148 770 cum
2213 706 2411 770 turris
2478 708 2641 771 esset

280 834 476 898 cupro
545 816 864 881 levissimo
911 815 1106 896 tecta,
1177 813 1447 897 pedibus
1496 816 1561 879 et
1613 813 1883 898 genibus
1952 812 2282 895 chalybeia
2351 812 2636 892 calcaria,

279 922 578 986 manibus
625 941 770 985 vero
817 921 1216 985 acutissimos
1264 920 1552 1004 utrisque
1587 919 1899 1001 stimulos,
1950 920 2025 982 ut
2071 937 2135 982 se
2167 938 2203 983 a
2232 918 2415 1000 lapsu
2457 937 2638 1000 prae-

281 1029 578 1108 servaret,
629 1028 817 1110 atque
855 1027 1024 1091 collo
1068 1026 1334 1109 longum
1386 1025 1606 1089 funem
1652 1027 1848 1107 aptat,
1898 1044 2020 1108 quo
2067 1024 2235 1088 infra
2280 1043 2529 1089 crucem
2575 1026 2647 1088 01

278 1133 615 1216 globulum
663 1131 980 1197 cacumini
1024 1131 1209 1196 affixo
1256 1131 1535 1214 pyramis
1581 1132 1787 1195 tracta
1818 1129 2190 1195 concideret.
2252 1129 2379 1194 Ubi
2426 1132 2637 1194 autem

277 1239 375 1303 ita
419 1238 774 1302 instructus
820 1257 936 1320 per
964 1236 1268 1301 acclivem
1313 1238 1376 1301 et
1405 1236 1865 1301 Phaetonteum
1912 1255 2126 1318 repere
2157 1236 2463 1318 coepisset
2506 1237 2638 1300 tra-

275 1345 505 1408 mitem
551 1346 616 1409 et
661 1346 763 1408 vix
809 1344 888 1408 ad
948 1343 1228 1408 medium
1293 1343 1710 1426 pervenisset,
1780 1342 2061 1426 pyramis
2108 1361 2220 1407 suo
2282 1342 2555 1425 pondere
2600 1360 2643 1407 a

275 1450 421 1515 basi
468 1451 679 1515 soluta
721 1470 947 1533 magno
993 1469 1138 1514 cum
1184 1449 1429 1532 fragore
1476 1449 1545 1513 13
1584 1449 1810 1532 templi
1856 1451 2097 1514 tectum
2143 1451 2206 1512 et
2252 1447 2636 1513 testudinem

279 1575 579 1621 corruens
624 1556 1036 1639 Trutlingum
1081 1555 1319 1620 maiora
1362 1556 1494 1621 suis
1540 1556 1786 1620 viribus
1834 1555 2231 1620 affectantem
2276 1556 2339 1619 et
2385 1573 2421 1618 a
2449 1554 2637 1619 Patre

280 1681 396 1728 suo
429 1662 762 1746 deceptum
793 1663 1124 1745 oppressit,
1173 1663 1355 1727 cuius
1388 1662 1657 1727 calcaria
1687 1665 1750 1728 et
1782 1661 2028 1727 stimuli
2060 1659 2348 1743 chalybei
2393 1662 2643 1743 praeter

281 1788 423 1833 ossa
469 1788 652 1833 carne
698 1769 1008 1834 destituta
1074 1770 1220 1851 post
1276 1771 1709 1852 recuperatam
1757 1770 1979 1833 urbem
2039 1766 2296 1831 dimotis
2365 1765 2636 1849 impedi-

278 1876 516 1939 mentis
562 1875 628 1938 in
675 1876 912 1958 templo
974 1877 1224 1957 reperta
1268 1877 1437 1940 sunt.
1531 1875 1809 1939 Deiectis
1878 1872 2313 1957 pyramidibus
2358 1872 2635 1937 turrium

281 1981 462 2045 bases
508 1980 787 2063 lapideas
832 1982 1166 2045 tormentis
1213 1981 1530 2061 muniunt,
1594 1980 1761 2045 unde
1807 2000 1930 2045 non
1975 1998 2232 2062 parvam
2278 1998 2459 2061 saepe
2507 1978 2635 2042 cla-

281 2086 425 2151 dem
459 2087 683 2152 castris
729 2087 1028 2152 inferunt.
1077 2087 1333 2152 Habent
1378 2087 1547 2151 enim
1592 2086 2011 2169 peritissimos
2058 2085 2430 2150 iaculatores
2461 2084 2632 2167 adeo,

278 2194 358 2258 ut
402 2212 837 2278 quemcunque
884 2198 1059 2259 extra
1091 2195 1305 2259 vineas
1352 2194 1674 2259 modicum
1718 2194 2142 2277 quiescentem
2186 2192 2634 2276 prospexerint,

281 2300 496 2364 subito
566 2300 924 2384 transigant
944 2304 985 2366 ¹.
1081 2300 1184 2367 Sic
1254 2320 1435 2384 saepe
1505 2301 1642 2365 3103
1702 2300 1994 2364 ludentes
2065 2318 2212 2363 cum
2279 2298 2633 2363 astantibus

281 2407 743 2490 spectatoribus
810 2407 1296 2473 bombardarum
1360 2406 1716 2489 sphaerulis
1777 2425 1901 2470 non
1949 2405 2082 2469 sine
2128 2404 2368 2488 insigni
2427 2407 2635 2487 strage

280 2514 396 2578 331
440 2513 867 2579 membrorum
912 2513 1158 2578 iactura
1202 2512 1614 2597 dissipantur.
1696 2511 1907 2577 Satius
1953 2511 2167 2594 itaque
2212 2509 2418 2575 fuerat
2463 2509 2635 2574 mili-

277 2620 460 2684 tibus
508 2623 681 2685 extra
709 2621 923 2685 vineas
970 2622 1035 2685 01
1080 2623 1430 2685 0331101313
1475 2619 1861 2684 munitiones
1908 2636 2033 2683 non
2079 2617 2395 2700 quiescere
2437 2635 2635 2699 neque

275 2726 350 2790 13
392 2744 517 2790 uno
564 2725 699 2790 loco
745 2725 1102 2807 consistere,
1153 2725 1264 2790 sed
1309 2724 1607 2789 00311330
1654 2726 1835 2789 motu
1878 2724 2005 2788 huc
2050 2723 2326 2806 illucque
2372 2722 2542 2787 ferri.

497 2830 680 2896 Circa
723 2831 877 2896 haec
923 2832 1138 2897 eadem
1183 2835 1469 2915 tempora
1512 2833 1775 2897 Ioannes
1822 2830 2149 2910 Bokelson,
2221 2829 2527 2913 propheta
2572 2831 2636 2894 et

275 2936 382 3001 vir
424 2936 562 3017 Dei,
632 2937 1194 3022 Knipperdollingi
1237 2937 1527 3002 vaticinii
1573 2937 1947 3002 auctoritate
2007 2937 2205 3000 fretus
2252 2936 2455 3000 eidem
2498 2936 2634 3018 gla-

278 3042 461 3107 dium
506 3043 574 3106 in
618 3045 920 3108 terrorem
963 3044 1396 3109 maleficorum
1441 3043 1641 3109 tradit
1686 3044 2021 3126 ipsumque
2067 3061 2227 3107 nova
2270 3061 2420 3106 voce
2466 3041 2633 3107 0331-

275 3168 502 3233 gerum
550 3150 620 3213 13
664 3151 960 3216 concione
1027 3151 1247 3234 populi
1291 3149 1753 3233 pronunciavit.
1850 3148 2010 3214 Cum
2058 3148 2228 3213 enim
2275 3149 2486 3213 omnia
2531 3166 2633 3213 ex-

279 3255 449 3320 celsa
493 3255 889 3320 humilianda
932 3256 1065 3321 sint
1093 3259 1280 3341 atque
1325 3258 1461 3340 ipse
1506 3256 1811 3320 hactenus
1857 3257 2078 3321 consul
2125 3258 2189 3321 et
2232 3258 2424 3338 caput
2455 3256 2631 3320 urbis

279 3361 493 3442 fuerit,
541 3362 796 3427 Patrem
827 3361 1033 3427 *nunc
1065 3364 1243 3445 velle,
1294 3366 1369 3427 ut
1401 3362 1813 3428 abiectissimi
1854 3362 2167 3428 carnificis
2198 3381 2455 3427 munere
2485 3362 2631 3425 fun-
2657 3374 2753 3447 ἰ).
2790 3376 2923 3433 484.

276 3472 488 3552 gatur.
548 3468 667 3533 Ille
698 3488 844 3533 vero
877 3468 1159 3534 officium
1206 3468 1330 3534 sibi
1362 3469 1647 3533 oblatum
1678 3487 1802 3532 non
1834 3470 2173 3551 aversatur,
2226 3469 2331 3533 sed
2363 3469 2635 3533 libenter

279 3574 599 3657 suscipere
643 3576 818 3640 visus
878 3577 974 3640 est
994 3576 1019 3614 ²
1063 3576 1454 3659 quatuorque
1525 3575 1860 3658 stipatores
1930 3574 2228 3640 Ioannem
2276 3575 2628 3656 Schultum,

499 3788 539 3855 ¹)
575 3786 844 3841 Aehnlich
879 3786 1068 3841 1311103
1106 3786 1194 3840 (110
1222 3786 1406 3841 Worte
1442 3787 1511 3840 D.
1548 3786 1794 3841 Lilie’s
1832 3786 1885 3841 S.
1914 3787 2019 3841 229
2059 3786 2189 3856 (vgl.
2215 3787 2354 3840 311011
2393 3786 2446 3841 S.
2474 3787 2628 3854 220:

281 3875 431 3943 „Dar
466 3876 579 3929 3131
632 3893 737 3929 130
774 3876 976 3930 binnen
1027 3893 1084 3929 so
1122 3875 1369 3929 bohende
1424 3874 1681 3930 schutten
1736 3879 1960 3945 gewest‚
2021 3875 2087 3930 de
2123 3893 2228 3930 133
2283 3875 2385 3930 deu
2422 3874 2629 3944 wellen,

274 3967 489 4031 tornen,
540 3963 948 4031 blockhusoren,
998 3964 1192 4018 bomen
1228 3964 1443 4018 konden
1481 3964 1704 4019 scheten
1741 3964 1812 4033 al,
1859 3968 1970 4018 wat
2006 3982 2063 4020 se
2101 3965 2324 4034 ogeden‚
2361 3964 2503 4017 unde
2540 3980 2631 4017 30-

275 4051 502 4106 111311ᾶο3
539 4052 740 4107 binnen
767 4053 1007 4107 schottes
1045 4052 1261 4106 mochte
1298 4054 1444 4106 stain
1479 4051 1679 4121 bliven,
1718 4053 1912 4106 anders
1948 4053 2121 4107 wordt
2158 4053 2225 4107 he
2260 4052 2627 4121 geschotten.“

496 4138 540 4207 ²)
575 4141 673 4195 Bis
709 4140 927 4194 hierher
963 4156 1141 4210 genau
1165 4139 1305 4194 nach
1342 4139 1410 4193 H.
1437 4141 1623 4210 Dorp
1661 4139 1747 4194 Bl.
1773 4140 1818 4193 E
1840 4141 1889 4195 3.
1935 4141 2088 4194 Auch
2114 4139 2253 4195 Joh.
2279 4141 2633 4195 Fabricius

273 4227 638 4284 Bolandus
692 4228 778 4284 Bl.
817 4230 944 4283 L2v
1000 4228 1134 4297 (und
1169 4228 1282 4282 ihm
1321 4228 1543 4299 folgend
1598 4229 1820 4283 Herm.
1859 4229 2319 4283 Hamelmann
2373 4229 2429 4284 S.
2474 4230 2629 4297 1224)

273 4318 468 4387 bringt
492 4317 580 4372 die
605 4318 937 4387 Ernennung
959 4317 1459 4387 Knipperdolling’s
1497 4334 1619 4371 zum
1646 4316 2041 4371 Scharfrichter
2072 4317 2289 4372 zeitlich
2315 4318 2419 4371 mit
2444 4317 2633 4372 dessen

277 4404 461 4461 Gebot
515 4406 611 4461 der
645 4407 1204 4475 Kirchenzerstfirung
1259 4422 1585 4461 zusammen.
1658 4405 1732 4459 Er
1768 4405 1923 4460 stellt
1977 4405 2080 4461 den
2118 4406 2378 4478 Vorgang
2422 4425 2480 4462 so
2518 4407 2639 4473 dar,
