<?xml version="1.0" encoding="UTF-8"?>
<!DOCTYPE html PUBLIC "-//W3C//DTD XHTML 1.0 Transitional//EN"
    "http://www.w3.org/TR/xhtml1/DTD/xhtml1-transitional.dtd">
<html xmlns="http://www.w3.org/1999/xhtml" xml:lang="en" lang="en">
 <head>
  <title>
</title>
<meta http-equiv="Content-Type" content="text/html;charset=utf-8" />
  <meta name='ocr-system' content='tesseract 3.04.00' />
  <meta name='ocr-capabilities' content='ocr_page ocr_carea ocr_par ocr_line ocrx_word'/>
</head>
<body>
  <div class='ocr_page' id='page_1' title='image "./hermanniakersse00westgoog_0054.png"; bbox 0 0 3259 5075; ppageno 0'>
   <div class='ocr_carea' id='block_1_1' title="bbox 516 286 1992 352">
    <p class='ocr_par' dir='ltr' id='par_1_1' title="bbox 516 286 1992 352">
     <span class='ocr_line' id='line_1_1' title="bbox 516 286 1992 352; baseline 0 -1"><span class='ocrx_word' id='word_1_1' title='bbox 516 286 650 351; x_wconf 87' lang='lat'><strong>430</strong></span> <span class='ocrx_word' id='word_1_2' title='bbox 1381 288 1562 351; x_wconf 90' lang='lat' dir='ltr'><strong>Anno</strong></span> <span class='ocrx_word' id='word_1_3' title='bbox 1622 287 1786 352; x_wconf 83' lang='lat'>1533</span> <span class='ocrx_word' id='word_1_4' title='bbox 1833 288 1992 351; x_wconf 89' lang='lat' dir='ltr'><strong>acta.</strong></span> 
     </span>
    </p>
   </div>
   <div class='ocr_carea' id='block_1_2' title="bbox 517 461 2885 1502">
    <p class='ocr_par' dir='ltr' id='par_1_2' title="bbox 517 461 2885 1502">
     <span class='ocr_line' id='line_1_2' title="bbox 517 461 2874 549; baseline -0.001 -20"><span class='ocrx_word' id='word_1_5' title='bbox 517 461 837 549; x_wconf 82' lang='lat' dir='ltr'><strong>quispiam</strong></span> <span class='ocrx_word' id='word_1_6' title='bbox 884 462 1072 527; x_wconf 90' lang='lat' dir='ltr'><strong>certis</strong></span> <span class='ocrx_word' id='word_1_7' title='bbox 1131 462 1519 545; x_wconf 78' lang='lat' dir='ltr'><strong>argumentis</strong></span> <span class='ocrx_word' id='word_1_8' title='bbox 1588 482 1702 528; x_wconf 89' lang='lat' dir='ltr'><strong>nos</strong></span> <span class='ocrx_word' id='word_1_9' title='bbox 1765 463 2134 545; x_wconf 78' lang='lat' dir='ltr'><strong>convicerit,</strong></span> <span class='ocrx_word' id='word_1_10' title='bbox 2207 481 2332 547; x_wconf 87' lang='lat' dir='ltr'><strong>qua</strong></span> <span class='ocrx_word' id='word_1_11' title='bbox 2377 461 2619 528; x_wconf 88' lang='lat' dir='ltr'><strong>ratione</strong></span> <span class='ocrx_word' id='word_1_12' title='bbox 2673 481 2874 546; x_wconf 86' lang='lat' dir='ltr'><strong>quove</strong></span> 
     </span>
     <span class='ocr_line' id='line_1_3' title="bbox 521 568 2876 652; baseline -0 -18"><span class='ocrx_word' id='word_1_13' title='bbox 521 568 900 634; x_wconf 82' lang='lat' dir='ltr'><strong>christianae</strong></span> <span class='ocrx_word' id='word_1_14' title='bbox 944 568 1351 651; x_wconf 82' lang='lat' dir='ltr'><strong>professionis</strong></span> <span class='ocrx_word' id='word_1_15' title='bbox 1399 569 1606 634; x_wconf 88' lang='lat' dir='ltr'><strong>officio</strong></span> <span class='ocrx_word' id='word_1_16' title='bbox 1654 569 1914 634; x_wconf 90' lang='lat' dir='ltr'><strong>adducti</strong></span> <span class='ocrx_word' id='word_1_17' title='bbox 1959 589 2072 635; x_wconf 91' lang='lat' dir='ltr'><strong>nos</strong></span> <span class='ocrx_word' id='word_1_18' title='bbox 2120 572 2341 634; x_wconf 90' lang='lat' dir='ltr'><strong>contra</strong></span> <span class='ocrx_word' id='word_1_19' title='bbox 2385 569 2668 652; x_wconf 75' lang='lat' dir='ltr'><strong>agnitam</strong></span> <span class='ocrx_word' id='word_1_20' title='bbox 2709 570 2876 633; x_wconf 86' lang='lat' dir='ltr'><strong>veri-</strong></span> 
     </span>
     <span class='ocr_line' id='line_1_4' title="bbox 518 674 2873 759; baseline 0 -20"><span class='ocrx_word' id='word_1_21' title='bbox 518 677 719 740; x_wconf 88' lang='lat' dir='ltr'><strong>tatem</strong></span> <span class='ocrx_word' id='word_1_22' title='bbox 747 694 821 739; x_wconf 91' lang='lat' dir='ltr'><strong>ea</strong></span> <span class='ocrx_word' id='word_1_23' title='bbox 849 677 1172 740; x_wconf 74' lang='lat' dir='ltr'><strong>recantare</strong></span> <span class='ocrx_word' id='word_1_24' title='bbox 1206 674 1271 739; x_wconf 85' lang='lat' dir='ltr'><strong>vi</strong></span> <span class='ocrx_word' id='word_1_25' title='bbox 1303 674 1548 759; x_wconf 80' lang='lat' dir='ltr'><strong>cogitis,</strong></span> <span class='ocrx_word' id='word_1_26' title='bbox 1600 675 1657 739; x_wconf 90' lang='lat' dir='ltr'><strong>si</strong></span> <span class='ocrx_word' id='word_1_27' title='bbox 1686 694 1833 740; x_wconf 83' lang='lat' dir='ltr'><strong>vero</strong></span> <span class='ocrx_word' id='word_1_28' title='bbox 1879 675 2043 740; x_wconf 90' lang='lat' dir='ltr'><strong>illud</strong></span> <span class='ocrx_word' id='word_1_29' title='bbox 2074 694 2112 740; x_wconf 91' lang='lat' dir='ltr'><strong>a</strong></span> <span class='ocrx_word' id='word_1_30' title='bbox 2141 674 2324 740; x_wconf 89' lang='lat' dir='ltr'><strong>nobis</strong></span> <span class='ocrx_word' id='word_1_31' title='bbox 2371 693 2496 740; x_wconf 93' lang='lat' dir='ltr'><strong>non</strong></span> <span class='ocrx_word' id='word_1_32' title='bbox 2540 675 2673 756; x_wconf 90' lang='lat' dir='ltr'><strong>fiat,</strong></span> <span class='ocrx_word' id='word_1_33' title='bbox 2722 694 2873 739; x_wconf 92' lang='lat' dir='ltr'><strong>con-</strong></span> 
     </span>
     <span class='ocr_line' id='line_1_5' title="bbox 520 779 2875 847; baseline -0 -2"><span class='ocrx_word' id='word_1_34' title='bbox 520 780 815 845; x_wconf 90' lang='lat' dir='ltr'><strong>cionandi</strong></span> <span class='ocrx_word' id='word_1_35' title='bbox 859 780 1068 845; x_wconf 88' lang='lat' dir='ltr'><strong>officio</strong></span> <span class='ocrx_word' id='word_1_36' title='bbox 1116 779 1296 846; x_wconf 92' lang='lat' dir='ltr'><strong>nobis</strong></span> <span class='ocrx_word' id='word_1_37' title='bbox 1343 780 1768 847; x_wconf 76' lang='lat' dir='ltr'><strong>interdicitis?</strong></span> <span class='ocrx_word' id='word_1_38' title='bbox 1859 781 1912 846; x_wconf 92' lang='grc' dir='ltr'><strong>Ο</strong></span> <span class='ocrx_word' id='word_1_39' title='bbox 1958 780 2156 846; x_wconf 87' lang='lat' dir='ltr'><strong>Deus!</strong></span> <span class='ocrx_word' id='word_1_40' title='bbox 2235 779 2549 845; x_wconf 89' lang='lat' dir='ltr'><strong>Haeccine</strong></span> <span class='ocrx_word' id='word_1_41' title='bbox 2594 780 2738 846; x_wconf 90' lang='lat' dir='ltr'><strong>iura</strong></span> <span class='ocrx_word' id='word_1_42' title='bbox 2783 780 2875 844; x_wconf 92' lang='lat' dir='ltr'><strong>ci-</strong></span> 
     </span>
     <span class='ocr_line' id='line_1_6' title="bbox 520 886 2876 972; baseline 0 -21"><span class='ocrx_word' id='word_1_43' title='bbox 520 886 679 952; x_wconf 83' lang='lat' dir='ltr'><strong>vilia</strong></span> <span class='ocrx_word' id='word_1_44' title='bbox 722 905 795 952; x_wconf 89' lang='lat' dir='ltr'><strong>ac</strong></span> <span class='ocrx_word' id='word_1_45' title='bbox 839 886 1295 971; x_wconf 88' lang='lat' dir='ltr'><strong>imperatorum</strong></span> <span class='ocrx_word' id='word_1_46' title='bbox 1339 887 1823 953; x_wconf 87' lang='lat' dir='ltr'><strong>constitutiones</strong></span> <span class='ocrx_word' id='word_1_47' title='bbox 1870 888 2298 971; x_wconf 90' lang='lat' dir='ltr'><strong>praecipiunt,</strong></span> <span class='ocrx_word' id='word_1_48' title='bbox 2369 905 2526 972; x_wconf 86' lang='lat' dir='ltr'><strong>quas</strong></span> <span class='ocrx_word' id='word_1_49' title='bbox 2574 886 2876 970; x_wconf 84' lang='lat' dir='ltr'><strong>syndicus</strong></span> 
     </span>
     <span class='ocr_line' id='line_1_7' title="bbox 520 992 2878 1077; baseline 0 -20"><span class='ocrx_word' id='word_1_50' title='bbox 520 995 730 1057; x_wconf 76' lang='lat' dir='ltr'><strong>vester</strong></span> <span class='ocrx_word' id='word_1_51' title='bbox 772 992 1105 1076; x_wconf 89' lang='lat' dir='ltr'><strong>magnifice</strong></span> <span class='ocrx_word' id='word_1_52' title='bbox 1152 994 1372 1059; x_wconf 83' lang='lat' dir='ltr'><strong>tonat?</strong></span> <span class='ocrx_word' id='word_1_53' title='bbox 1460 992 1769 1075; x_wconf 89' lang='lat' dir='ltr'><strong>Profecto,</strong></span> <span class='ocrx_word' id='word_1_54' title='bbox 1843 992 1943 1058; x_wconf 90' lang='lat' dir='ltr'><strong>ius</strong></span> <span class='ocrx_word' id='word_1_55' title='bbox 1990 992 2279 1057; x_wconf 86' lang='lat' dir='ltr'><strong>divinum</strong></span> <span class='ocrx_word' id='word_1_56' title='bbox 2324 993 2509 1077; x_wconf 88' lang='lat' dir='ltr'><strong>longe</strong></span> <span class='ocrx_word' id='word_1_57' title='bbox 2556 993 2878 1058; x_wconf 83' lang='lat' dir='ltr'><strong>diversum</strong></span> 
     </span>
     <span class='ocr_line' id='line_1_8' title="bbox 521 1097 2875 1182; baseline 0 -20"><span class='ocrx_word' id='word_1_58' title='bbox 521 1098 718 1164; x_wconf 89' lang='lat' dir='ltr'><strong>iubet.</strong></span> <span class='ocrx_word' id='word_1_59' title='bbox 796 1098 1114 1182; x_wconf 86' lang='lat' dir='ltr'><strong>Rogamus</strong></span> <span class='ocrx_word' id='word_1_60' title='bbox 1160 1100 1373 1163; x_wconf 90' lang='lat' dir='ltr'><strong>autem</strong></span> <span class='ocrx_word' id='word_1_61' title='bbox 1416 1099 1641 1180; x_wconf 89' lang='lat' dir='ltr'><strong>Deum,</strong></span> <span class='ocrx_word' id='word_1_62' title='bbox 1689 1101 1765 1164; x_wconf 91' lang='lat' dir='ltr'><strong>ut</strong></span> <span class='ocrx_word' id='word_1_63' title='bbox 1793 1118 1904 1164; x_wconf 83' lang='lat' dir='ltr'><strong>vos</strong></span> <span class='ocrx_word' id='word_1_64' title='bbox 1950 1098 2019 1163; x_wconf 92' lang='lat' dir='ltr'><strong>in</strong></span> <span class='ocrx_word' id='word_1_65' title='bbox 2050 1117 2124 1163; x_wconf 89' lang='lat' dir='ltr'><strong>ea</strong></span> <span class='ocrx_word' id='word_1_66' title='bbox 2168 1097 2488 1182; x_wconf 89' lang='lat' dir='ltr'><strong>agnitione</strong></span> <span class='ocrx_word' id='word_1_67' title='bbox 2533 1099 2875 1179; x_wconf 84' lang='lat' dir='ltr'><strong>conservet,</strong></span> 
     </span>
     <span class='ocr_line' id='line_1_9' title="bbox 523 1204 2879 1289; baseline 0 -21"><span class='ocrx_word' id='word_1_68' title='bbox 523 1223 602 1268; x_wconf 90' lang='lat' dir='ltr'><strong>ne</strong></span> <span class='ocrx_word' id='word_1_69' title='bbox 648 1204 804 1287; x_wconf 91' lang='lat' dir='ltr'><strong>quid</strong></span> <span class='ocrx_word' id='word_1_70' title='bbox 850 1206 1070 1269; x_wconf 88' lang='lat' dir='ltr'><strong>contra</strong></span> <span class='ocrx_word' id='word_1_71' title='bbox 1113 1204 1396 1289; x_wconf 86' lang='lat' dir='ltr'><strong>agnitam</strong></span> <span class='ocrx_word' id='word_1_72' title='bbox 1441 1205 1776 1270; x_wconf 83' lang='lat' dir='ltr'><strong>veritatem</strong></span> <span class='ocrx_word' id='word_1_73' title='bbox 1821 1204 2253 1286; x_wconf 90' lang='lat' dir='ltr'><strong>committatis,</strong></span> <span class='ocrx_word' id='word_1_74' title='bbox 2303 1205 2472 1270; x_wconf 91' lang='lat' dir='ltr'><strong>sicut</strong></span> <span class='ocrx_word' id='word_1_75' title='bbox 2516 1223 2629 1270; x_wconf 93' lang='lat' dir='ltr'><strong>nos</strong></span> <span class='ocrx_word' id='word_1_76' title='bbox 2677 1204 2879 1269; x_wconf 89' lang='lat' dir='ltr'><strong>facere</strong></span> 
     </span>
     <span class='ocr_line' id='line_1_10' title="bbox 523 1309 2876 1394; baseline 0 -20"><span class='ocrx_word' id='word_1_77' title='bbox 523 1309 741 1375; x_wconf 77' lang='lat' dir='ltr'><strong>vultis,</strong></span> <span class='ocrx_word' id='word_1_78' title='bbox 788 1311 1025 1376; x_wconf 88' lang='lat' dir='ltr'><strong>Verum</strong></span> <span class='ocrx_word' id='word_1_79' title='bbox 1056 1310 1217 1376; x_wconf 89' lang='lat' dir='ltr'><strong>hanc</strong></span> <span class='ocrx_word' id='word_1_80' title='bbox 1249 1311 1640 1394; x_wconf 87' lang='lat' dir='ltr'><strong>impietatem</strong></span> <span class='ocrx_word' id='word_1_81' title='bbox 1669 1313 1841 1377; x_wconf 91' lang='lat' dir='ltr'><strong>Deus</strong></span> <span class='ocrx_word' id='word_1_82' title='bbox 1873 1311 1940 1376; x_wconf 92' lang='lat' dir='ltr'><strong>in</strong></span> <span class='ocrx_word' id='word_1_83' title='bbox 1972 1313 2299 1376; x_wconf 89' lang='lat' dir='ltr'><strong>aeternum</strong></span> <span class='ocrx_word' id='word_1_84' title='bbox 2322 1330 2360 1376; x_wconf 91' lang='lat' dir='ltr'><strong>a</strong></span> <span class='ocrx_word' id='word_1_85' title='bbox 2390 1311 2573 1376; x_wconf 90' lang='lat' dir='ltr'><strong>nobis</strong></span> <span class='ocrx_word' id='word_1_86' title='bbox 2606 1312 2876 1375; x_wconf 87' lang='lat' dir='ltr'><strong>avertat!</strong></span> 
     </span>
     <span class='ocr_line' id='line_1_11' title="bbox 527 1416 2885 1502; baseline 0 -22"><span class='ocrx_word' id='word_1_87' title='bbox 527 1416 652 1496; x_wconf 85' lang='lat' dir='ltr'><strong>Qui</strong></span> <span class='ocrx_word' id='word_1_88' title='bbox 696 1417 1132 1499; x_wconf 86' lang='lat' dir='ltr'><strong>imprudenter</strong></span> <span class='ocrx_word' id='word_1_89' title='bbox 1176 1417 1432 1501; x_wconf 90' lang='lat' dir='ltr'><strong>quidem</strong></span> <span class='ocrx_word' id='word_1_90' title='bbox 1475 1420 1638 1483; x_wconf 87' lang='lat' dir='ltr'><strong>teste</strong></span> <span class='ocrx_word' id='word_1_91' title='bbox 1684 1418 1881 1483; x_wconf 87' lang='lat' dir='ltr'><strong>Paulo</strong></span> <span class='ocrx_word' id='word_1_92' title='bbox 1901 1420 1922 1457; x_wconf 88' lang='lat'>¹</span> <span class='ocrx_word' id='word_1_93' title='bbox 1972 1420 2207 1502; x_wconf 88' lang='lat' dir='ltr'><strong>peccat,</strong></span> <span class='ocrx_word' id='word_1_94' title='bbox 2261 1416 2480 1482; x_wconf 91' lang='lat' dir='ltr'><strong>delicti</strong></span> <span class='ocrx_word' id='word_1_95' title='bbox 2525 1416 2798 1501; x_wconf 87' lang='lat' dir='ltr'><strong>gratiam</strong></span> <span class='ocrx_word' id='word_1_96' title='bbox 2845 1436 2885 1481; x_wconf 92' lang='lat' dir='ltr'><strong>a</strong></span> 
     </span>
    </p>
   </div>
   <div class='ocr_carea' id='block_1_3' title="bbox 492 1522 2882 1609">
    <p class='ocr_par' dir='ltr' id='par_1_3' title="bbox 492 1522 2882 1609">
     <span class='ocr_line' id='line_1_12' title="bbox 492 1522 2882 1609; baseline 0.001 -23"><span class='ocrx_word' id='word_1_97' title='bbox 492 1523 658 1587; x_wconf 85' lang='lat' dir='ltr'><strong>.Deo</strong></span> <span class='ocrx_word' id='word_1_98' title='bbox 705 1522 1044 1605; x_wconf 86' lang='lat' dir='ltr'><strong>impetrare</strong></span> <span class='ocrx_word' id='word_1_99' title='bbox 1088 1526 1329 1606; x_wconf 89' lang='lat' dir='ltr'><strong>potcst;</strong></span> <span class='ocrx_word' id='word_1_100' title='bbox 1398 1524 1510 1607; x_wconf 91' lang='lat' dir='ltr'><strong>qui</strong></span> <span class='ocrx_word' id='word_1_101' title='bbox 1554 1544 1702 1590; x_wconf 85' lang='lat' dir='ltr'><strong>vero</strong></span> <span class='ocrx_word' id='word_1_102' title='bbox 1747 1525 2089 1609; x_wconf 89' lang='lat' dir='ltr'><strong>prudenter</strong></span> <span class='ocrx_word' id='word_1_103' title='bbox 2135 1526 2243 1609; x_wconf 89' lang='lat' dir='ltr'><strong>(ut</strong></span> <span class='ocrx_word' id='word_1_104' title='bbox 2287 1525 2439 1590; x_wconf 88' lang='lat' dir='ltr'><strong>Saul</strong></span> <span class='ocrx_word' id='word_1_105' title='bbox 2495 1530 2547 1590; x_wconf 89' lang='grc'><strong>1.</strong></span> <span class='ocrx_word' id='word_1_106' title='bbox 2593 1525 2744 1609; x_wconf 87' lang='lat' dir='ltr'><strong>Reg.</strong></span> <span class='ocrx_word' id='word_1_107' title='bbox 2803 1526 2882 1589; x_wconf 84' lang='lat'><strong>15</strong></span> 
     </span>
    </p>
   </div>
   <div class='ocr_carea' id='block_1_4' title="bbox 526 1629 2892 3413">
    <p class='ocr_par' dir='ltr' id='par_1_4' title="bbox 526 1629 2892 3413">
     <span class='ocr_line' id='line_1_13' title="bbox 526 1629 2881 1714; baseline 0 -20"><span class='ocrx_word' id='word_1_108' title='bbox 526 1631 592 1694; x_wconf 90' lang='lat' dir='ltr'><strong>et</strong></span> <span class='ocrx_word' id='word_1_109' title='bbox 636 1629 880 1695; x_wconf 90' lang='lat' dir='ltr'><strong>Pharao</strong></span> <span class='ocrx_word' id='word_1_110' title='bbox 939 1629 1132 1695; x_wconf 84' lang='lat' dir='ltr'><strong>Exod.</strong></span> <span class='ocrx_word' id='word_1_111' title='bbox 1182 1635 1224 1695; x_wconf 92' lang='lat'><em>5</em></span> <span class='ocrx_word' id='word_1_112' title='bbox 1231 1631 1286 1714; x_wconf 81' lang='lat'><strong>⁸)</strong></span> <span class='ocrx_word' id='word_1_113' title='bbox 1356 1631 1735 1714; x_wconf 88' lang='lat' dir='ltr'><strong>delinquunt</strong></span> <span class='ocrx_word' id='word_1_114' title='bbox 1780 1650 1851 1696; x_wconf 89' lang='lat' dir='ltr'><strong>ac</strong></span> <span class='ocrx_word' id='word_1_115' title='bbox 1898 1631 2153 1696; x_wconf 85' lang='lat' dir='ltr'><strong>veritati</strong></span> <span class='ocrx_word' id='word_1_116' title='bbox 2221 1632 2560 1714; x_wconf 89' lang='lat' dir='ltr'><strong>resistunt,</strong></span> <span class='ocrx_word' id='word_1_117' title='bbox 2628 1631 2700 1696; x_wconf 90' lang='lat' dir='ltr'><strong>in</strong></span> <span class='ocrx_word' id='word_1_118' title='bbox 2744 1630 2881 1696; x_wconf 90' lang='lat' dir='ltr'><strong>dies</strong></span> 
     </span>
     <span class='ocr_line' id='line_1_14' title="bbox 527 1736 2885 1820; baseline 0.001 -20"><span class='ocrx_word' id='word_1_119' title='bbox 527 1736 729 1819; x_wconf 89' lang='lat' dir='ltr'><strong>magis</strong></span> <span class='ocrx_word' id='word_1_120' title='bbox 775 1736 1102 1820; x_wconf 86' lang='lat' dir='ltr'><strong>magisque</strong></span> <span class='ocrx_word' id='word_1_121' title='bbox 1147 1739 1555 1802; x_wconf 87' lang='lat' dir='ltr'><strong>excaecantur</strong></span> <span class='ocrx_word' id='word_1_122' title='bbox 1599 1756 1673 1803; x_wconf 87' lang='lat' dir='ltr'><strong>ac</strong></span> <span class='ocrx_word' id='word_1_123' title='bbox 1712 1736 2096 1802; x_wconf 84' lang='lat' dir='ltr'><strong>indurantur</strong></span> <span class='ocrx_word' id='word_1_124' title='bbox 2140 1736 2312 1819; x_wconf 89' lang='lat' dir='ltr'><strong>adeo,</strong></span> <span class='ocrx_word' id='word_1_125' title='bbox 2361 1740 2436 1803; x_wconf 93' lang='lat' dir='ltr'><strong>ut</strong></span> <span class='ocrx_word' id='word_1_126' title='bbox 2481 1738 2723 1802; x_wconf 90' lang='lat' dir='ltr'><strong>nullius</strong></span> <span class='ocrx_word' id='word_1_127' title='bbox 2761 1757 2885 1802; x_wconf 89' lang='lat' dir='ltr'><strong>nn-</strong></span> 
     </span>
     <span class='ocr_line' id='line_1_15' title="bbox 528 1843 2883 1927; baseline 0 -20"><span class='ocrx_word' id='word_1_128' title='bbox 528 1861 718 1926; x_wconf 89' lang='lat' dir='ltr'><strong>quam</strong></span> <span class='ocrx_word' id='word_1_129' title='bbox 786 1843 1209 1927; x_wconf 81' lang='lat' dir='ltr'><strong>poenitentiae</strong></span> <span class='ocrx_word' id='word_1_130' title='bbox 1278 1844 1410 1910; x_wconf 89' lang='lat' dir='ltr'><strong>illis</strong></span> <span class='ocrx_word' id='word_1_131' title='bbox 1473 1845 1560 1910; x_wconf 87' lang='lat' dir='ltr'><strong>sit</strong></span> <span class='ocrx_word' id='word_1_132' title='bbox 1620 1845 1815 1909; x_wconf 89' lang='lat' dir='ltr'><strong>locus.</strong></span> <span class='ocrx_word' id='word_1_133' title='bbox 1905 1844 2180 1910; x_wconf 88' lang='lat' dir='ltr'><strong>Proinde</strong></span> <span class='ocrx_word' id='word_1_134' title='bbox 2249 1844 2484 1909; x_wconf 89' lang='lat' dir='ltr'><strong>iterum</strong></span> <span class='ocrx_word' id='word_1_135' title='bbox 2528 1862 2601 1908; x_wconf 82' lang='lat' dir='ltr'><strong>ex</strong></span> <span class='ocrx_word' id='word_1_136' title='bbox 2659 1846 2883 1909; x_wconf 89' lang='lat' dir='ltr'><strong>mutuo</strong></span> 
     </span>
     <span class='ocr_line' id='line_1_16' title="bbox 528 1948 2885 2035; baseline 0 -22"><span class='ocrx_word' id='word_1_137' title='bbox 528 1949 909 2020; x_wconf 85' lang='lat' dir='ltr'><strong>christianae</strong></span> <span class='ocrx_word' id='word_1_138' title='bbox 954 1950 1239 2017; x_wconf 88' lang='lat' dir='ltr'><strong>caritatis</strong></span> <span class='ocrx_word' id='word_1_139' title='bbox 1271 1951 1526 2017; x_wconf 81' lang='lat' dir='ltr'><strong>vinculo</strong></span> <span class='ocrx_word' id='word_1_140' title='bbox 1557 1970 1667 2017; x_wconf 83' lang='lat' dir='ltr'><strong>vos</strong></span> <span class='ocrx_word' id='word_1_141' title='bbox 1699 1969 1993 2035; x_wconf 83' lang='lat' dir='ltr'><strong>rogamus</strong></span> <span class='ocrx_word' id='word_1_142' title='bbox 2025 1953 2090 2016; x_wconf 89' lang='lat' dir='ltr'><strong>et</strong></span> <span class='ocrx_word' id='word_1_143' title='bbox 2134 1948 2562 2032; x_wconf 89' lang='lat' dir='ltr'><strong>admonemus,</strong></span> <span class='ocrx_word' id='word_1_144' title='bbox 2609 1952 2686 2014; x_wconf 92' lang='lat' dir='ltr'><strong>ut</strong></span> <span class='ocrx_word' id='word_1_145' title='bbox 2720 1948 2885 2014; x_wconf 89' lang='lat' dir='ltr'><strong>hanc</strong></span> 
     </span>
     <span class='ocr_line' id='line_1_17' title="bbox 529 2054 2884 2139; baseline 0 -20"><span class='ocrx_word' id='word_1_146' title='bbox 529 2055 840 2138; x_wconf 84' lang='lat' dir='ltr'><strong>evangelii</strong></span> <span class='ocrx_word' id='word_1_147' title='bbox 871 2075 1125 2121; x_wconf 86' lang='lat' dir='ltr'><strong>cansam</strong></span> <span class='ocrx_word' id='word_1_148' title='bbox 1169 2057 1526 2122; x_wconf 86' lang='lat' dir='ltr'><strong>accuratius</strong></span> <span class='ocrx_word' id='word_1_149' title='bbox 1558 2057 1953 2122; x_wconf 82' lang='lat' dir='ltr'><strong>cordatiusve</strong></span> <span class='ocrx_word' id='word_1_150' title='bbox 2000 2054 2376 2122; x_wconf 89' lang='lat' dir='ltr'><strong>intueamini</strong></span> <span class='ocrx_word' id='word_1_151' title='bbox 2408 2058 2474 2120; x_wconf 90' lang='lat' dir='ltr'><strong>et</strong></span> <span class='ocrx_word' id='word_1_152' title='bbox 2517 2054 2884 2139; x_wconf 84' lang='lat' dir='ltr'><strong>expendatis</strong></span> 
     </span>
     <span class='ocr_line' id='line_1_18' title="bbox 528 2160 2885 2246; baseline 0 -21"><span class='ocrx_word' id='word_1_153' title='bbox 528 2179 731 2245; x_wconf 88' lang='lat' dir='ltr'><strong>neque</strong></span> <span class='ocrx_word' id='word_1_154' title='bbox 775 2161 927 2227; x_wconf 87' lang='lat' dir='ltr'><strong>adeo</strong></span> <span class='ocrx_word' id='word_1_155' title='bbox 974 2160 1269 2227; x_wconf 88' lang='lat' dir='ltr'><strong>humanis</strong></span> <span class='ocrx_word' id='word_1_156' title='bbox 1302 2162 1707 2246; x_wconf 88' lang='lat' dir='ltr'><strong>opinionibus</strong></span> <span class='ocrx_word' id='word_1_157' title='bbox 1754 2162 2078 2228; x_wconf 89' lang='lat' dir='ltr'><strong>ducamini</strong></span> <span class='ocrx_word' id='word_1_158' title='bbox 2122 2162 2352 2228; x_wconf 86' lang='lat' dir='ltr'><strong>adeove</strong></span> <span class='ocrx_word' id='word_1_159' title='bbox 2384 2181 2506 2245; x_wconf 89' lang='lat' dir='ltr'><strong>eos,</strong></span> <span class='ocrx_word' id='word_1_160' title='bbox 2557 2161 2666 2245; x_wconf 91' lang='lat' dir='ltr'><strong>qui</strong></span> <span class='ocrx_word' id='word_1_161' title='bbox 2713 2162 2885 2226; x_wconf 88' lang='lat' dir='ltr'><strong>blas-</strong></span> 
     </span>
     <span class='ocr_line' id='line_1_19' title="bbox 529 2264 2882 2353; baseline 0.001 -23"><span class='ocrx_word' id='word_1_162' title='bbox 529 2264 761 2349; x_wconf 89' lang='lat' dir='ltr'><strong>phema</strong></span> <span class='ocrx_word' id='word_1_163' title='bbox 804 2285 876 2331; x_wconf 90' lang='lat' dir='ltr'><strong>ac</strong></span> <span class='ocrx_word' id='word_1_164' title='bbox 922 2266 1120 2350; x_wconf 90' lang='lat' dir='ltr'><strong>impia</strong></span> <span class='ocrx_word' id='word_1_165' title='bbox 1164 2270 1356 2333; x_wconf 84' lang='lat' dir='ltr'><strong>verba</strong></span> <span class='ocrx_word' id='word_1_166' title='bbox 1399 2271 1657 2335; x_wconf 84' lang='lat' dir='ltr'><strong>ventosa</strong></span> <span class='ocrx_word' id='word_1_167' title='bbox 1719 2269 2095 2353; x_wconf 84' lang='lat' dir='ltr'><strong>garrulitate</strong></span> <span class='ocrx_word' id='word_1_168' title='bbox 2142 2270 2462 2352; x_wconf 87' lang='lat' dir='ltr'><strong>strepunt,</strong></span> <span class='ocrx_word' id='word_1_169' title='bbox 2535 2267 2882 2349; x_wconf 89' lang='lat' dir='ltr'><strong>sectemini,</strong></span> 
     </span>
     <span class='ocr_line' id='line_1_20' title="bbox 531 2373 2887 2440; baseline 0.001 -4"><span class='ocrx_word' id='word_1_170' title='bbox 531 2373 608 2436; x_wconf 92' lang='lat' dir='ltr'><strong>ut</strong></span> <span class='ocrx_word' id='word_1_171' title='bbox 652 2373 796 2438; x_wconf 89' lang='lat' dir='ltr'><strong>Iesu</strong></span> <span class='ocrx_word' id='word_1_172' title='bbox 842 2373 1084 2438; x_wconf 89' lang='lat' dir='ltr'><strong>Christi</strong></span> <span class='ocrx_word' id='word_1_173' title='bbox 1131 2373 1360 2439; x_wconf 87' lang='lat' dir='ltr'><strong>veritas</strong></span> <span class='ocrx_word' id='word_1_174' title='bbox 1418 2375 1807 2440; x_wconf 85' lang='lat' dir='ltr'><strong>obscuretur.</strong></span> <span class='ocrx_word' id='word_1_175' title='bbox 1902 2374 2234 2439; x_wconf 89' lang='lat' dir='ltr'><strong>Praeterea</strong></span> <span class='ocrx_word' id='word_1_176' title='bbox 2292 2394 2441 2439; x_wconf 90' lang='lat' dir='ltr'><strong>cum</strong></span> <span class='ocrx_word' id='word_1_177' title='bbox 2485 2374 2554 2439; x_wconf 90' lang='lat' dir='ltr'><strong>in</strong></span> <span class='ocrx_word' id='word_1_178' title='bbox 2601 2373 2887 2439; x_wconf 86' lang='lat' dir='ltr'><strong>conclavi</strong></span> 
     </span>
     <span class='ocr_line' id='line_1_21' title="bbox 533 2478 2887 2565; baseline 0 -20"><span class='ocrx_word' id='word_1_179' title='bbox 533 2478 847 2545; x_wconf 88' lang='lat' dir='ltr'><strong>senatorio</strong></span> <span class='ocrx_word' id='word_1_180' title='bbox 908 2479 1086 2545; x_wconf 83' lang='lat' dir='ltr'><strong>vobis</strong></span> <span class='ocrx_word' id='word_1_181' title='bbox 1153 2480 1592 2564; x_wconf 89' lang='lat' dir='ltr'><strong>praesentibus</strong></span> <span class='ocrx_word' id='word_1_182' title='bbox 1662 2479 2207 2565; x_wconf 82' lang='lat' dir='ltr'><strong>antagonistamm</strong></span> <span class='ocrx_word' id='word_1_183' title='bbox 2275 2483 2637 2547; x_wconf 86' lang='lat' dir='ltr'><strong>nostrornm</strong></span> <span class='ocrx_word' id='word_1_184' title='bbox 2695 2499 2887 2565; x_wconf 88' lang='lat' dir='ltr'><strong>argu-</strong></span> 
     </span>
     <span class='ocr_line' id='line_1_22' title="bbox 531 2585 2885 2671; baseline 0.002 -23"><span class='ocrx_word' id='word_1_185' title='bbox 531 2585 764 2649; x_wconf 88' lang='lat' dir='ltr'><strong>mentis</strong></span> <span class='ocrx_word' id='word_1_186' title='bbox 794 2585 1000 2650; x_wconf 90' lang='lat' dir='ltr'><strong>fusins</strong></span> <span class='ocrx_word' id='word_1_187' title='bbox 1035 2586 1308 2669; x_wconf 89' lang='lat' dir='ltr'><strong>quidem,</strong></span> <span class='ocrx_word' id='word_1_188' title='bbox 1358 2606 1549 2670; x_wconf 90' lang='lat' dir='ltr'><strong>quam</strong></span> <span class='ocrx_word' id='word_1_189' title='bbox 1579 2586 1759 2652; x_wconf 84' lang='lat' dir='ltr'><strong>vobis</strong></span> <span class='ocrx_word' id='word_1_190' title='bbox 1792 2589 1946 2651; x_wconf 91' lang='lat' dir='ltr'><strong>tunc</strong></span> <span class='ocrx_word' id='word_1_191' title='bbox 1975 2587 2280 2670; x_wconf 89' lang='lat' dir='ltr'><strong>temporis</strong></span> <span class='ocrx_word' id='word_1_192' title='bbox 2329 2587 2587 2671; x_wconf 86' lang='lat' dir='ltr'><strong>placuit,</strong></span> <span class='ocrx_word' id='word_1_193' title='bbox 2636 2608 2673 2653; x_wconf 97' lang='lat' dir='ltr'><strong>a</strong></span> <span class='ocrx_word' id='word_1_194' title='bbox 2703 2588 2885 2653; x_wconf 92' lang='lat' dir='ltr'><strong>nobis</strong></span> 
     </span>
     <span class='ocr_line' id='line_1_23' title="bbox 534 2691 2889 2777; baseline 0 -20"><span class='ocrx_word' id='word_1_195' title='bbox 534 2710 906 2775; x_wconf 86' lang='lat' dir='ltr'><strong>responsum</strong></span> <span class='ocrx_word' id='word_1_196' title='bbox 950 2691 1036 2757; x_wconf 89' lang='lat' dir='ltr'><strong>sit</strong></span> <span class='ocrx_word' id='word_1_197' title='bbox 1082 2692 1304 2775; x_wconf 85' lang='lat' dir='ltr'><strong>illique</strong></span> <span class='ocrx_word' id='word_1_198' title='bbox 1372 2693 1712 2758; x_wconf 84' lang='lat' dir='ltr'><strong>diuturnae</strong></span> <span class='ocrx_word' id='word_1_199' title='bbox 1781 2693 2076 2759; x_wconf 87' lang='lat' dir='ltr'><strong>sessionis</strong></span> <span class='ocrx_word' id='word_1_200' title='bbox 2146 2693 2416 2776; x_wconf 87' lang='lat' dir='ltr'><strong>pertaesi</strong></span> <span class='ocrx_word' id='word_1_201' title='bbox 2476 2713 2591 2777; x_wconf 88' lang='lat' dir='ltr'><strong>per</strong></span> <span class='ocrx_word' id='word_1_202' title='bbox 2650 2693 2889 2776; x_wconf 91' lang='lat' dir='ltr'><strong>scripta</strong></span> 
     </span>
     <span class='ocr_line' id='line_1_24' title="bbox 534 2798 2888 2883; baseline 0 -20"><span class='ocrx_word' id='word_1_203' title='bbox 534 2798 718 2864; x_wconf 92' lang='lat' dir='ltr'><strong>nobis</strong></span> <span class='ocrx_word' id='word_1_204' title='bbox 766 2799 1137 2882; x_wconf 89' lang='lat' dir='ltr'><strong>respondere</strong></span> <span class='ocrx_word' id='word_1_205' title='bbox 1183 2799 1535 2883; x_wconf 89' lang='lat' dir='ltr'><strong>receperint</strong></span> <span class='ocrx_word' id='word_1_206' title='bbox 1580 2800 1646 2865; x_wconf 91' lang='lat' dir='ltr'><strong>et</strong></span> <span class='ocrx_word' id='word_1_207' title='bbox 1690 2818 1859 2864; x_wconf 89' lang='lat' dir='ltr'><strong>nunc</strong></span> <span class='ocrx_word' id='word_1_208' title='bbox 1897 2818 2002 2864; x_wconf 88' lang='lat' dir='ltr'><strong>sex</strong></span> <span class='ocrx_word' id='word_1_209' title='bbox 2048 2799 2499 2882; x_wconf 89' lang='lat' dir='ltr'><strong>propemodum</strong></span> <span class='ocrx_word' id='word_1_210' title='bbox 2545 2799 2888 2864; x_wconf 89' lang='lat' dir='ltr'><strong>hebdoma-</strong></span> 
     </span>
     <span class='ocr_line' id='line_1_25' title="bbox 536 2904 2888 2989; baseline 0 -21"><span class='ocrx_word' id='word_1_211' title='bbox 536 2904 648 2969; x_wconf 89' lang='lat' dir='ltr'><strong>das</strong></span> <span class='ocrx_word' id='word_1_212' title='bbox 694 2904 1056 2970; x_wconf 90' lang='lat' dir='ltr'><strong>meditando</strong></span> <span class='ocrx_word' id='word_1_213' title='bbox 1117 2906 1613 2989; x_wconf 89' lang='lat' dir='ltr'><strong>absumpserint,</strong></span> <span class='ocrx_word' id='word_1_214' title='bbox 1663 2925 1977 2989; x_wconf 77' lang='lat' dir='ltr'><strong>rogamuS,</strong></span> <span class='ocrx_word' id='word_1_215' title='bbox 2028 2908 2118 2989; x_wconf 63' lang='lat' dir='ltr'><strong>ut,</strong></span> <span class='ocrx_word' id='word_1_216' title='bbox 2169 2906 2225 2970; x_wconf 89' lang='lat' dir='ltr'><strong>si</strong></span> <span class='ocrx_word' id='word_1_217' title='bbox 2270 2905 2424 2988; x_wconf 91' lang='lat' dir='ltr'><strong>quid</strong></span> <span class='ocrx_word' id='word_1_218' title='bbox 2470 2907 2548 2970; x_wconf 90' lang='lat' dir='ltr'><strong>ab</strong></span> <span class='ocrx_word' id='word_1_219' title='bbox 2595 2905 2728 2970; x_wconf 90' lang='lat' dir='ltr'><strong>illis</strong></span> <span class='ocrx_word' id='word_1_220' title='bbox 2776 2904 2888 2970; x_wconf 91' lang='lat' dir='ltr'><strong>ad-</strong></span> 
     </span>
     <span class='ocr_line' id='line_1_26' title="bbox 535 3011 2889 3096; baseline 0 -21"><span class='ocrx_word' id='word_1_221' title='bbox 535 3030 752 3076; x_wconf 83' lang='lat' dir='ltr'><strong>versus</strong></span> <span class='ocrx_word' id='word_1_222' title='bbox 785 3030 896 3076; x_wconf 90' lang='lat' dir='ltr'><strong>nos</strong></span> <span class='ocrx_word' id='word_1_223' title='bbox 929 3013 1331 3096; x_wconf 59' lang='lat' dir='ltr'><strong>nostramque</strong></span> <span class='ocrx_word' id='word_1_224' title='bbox 1376 3012 1824 3096; x_wconf 87' lang='lat' dir='ltr'><strong>professionem</strong></span> <span class='ocrx_word' id='word_1_225' title='bbox 1856 3011 2205 3077; x_wconf 87' lang='lat' dir='ltr'><strong>adductum</strong></span> <span class='ocrx_word' id='word_1_226' title='bbox 2238 3011 2341 3094; x_wconf 89' lang='lat' dir='ltr'><strong>sit,</strong></span> <span class='ocrx_word' id='word_1_227' title='bbox 2390 3011 2720 3077; x_wconf 87' lang='lat' dir='ltr'><strong>confestim</strong></span> <span class='ocrx_word' id='word_1_228' title='bbox 2752 3011 2889 3076; x_wconf 88' lang='lat' dir='ltr'><strong>eius</strong></span> 
     </span>
     <span class='ocr_line' id='line_1_27' title="bbox 538 3116 2890 3201; baseline 0 -21"><span class='ocrx_word' id='word_1_229' title='bbox 538 3116 719 3181; x_wconf 92' lang='lat' dir='ltr'><strong>nobis</strong></span> <span class='ocrx_word' id='word_1_230' title='bbox 764 3117 946 3199; x_wconf 91' lang='lat' dir='ltr'><strong>copia</strong></span> <span class='ocrx_word' id='word_1_231' title='bbox 989 3118 1104 3182; x_wconf 90' lang='lat' dir='ltr'><strong>fiat</strong></span> <span class='ocrx_word' id='word_1_232' title='bbox 1123 3118 1164 3183; x_wconf 78' lang='lat'><strong>¹.</strong></span> <span class='ocrx_word' id='word_1_233' title='bbox 1228 3119 1363 3182; x_wconf 90' lang='lat' dir='ltr'><strong>Ista</strong></span> <span class='ocrx_word' id='word_1_234' title='bbox 1406 3118 1575 3183; x_wconf 90' lang='lat' dir='ltr'><strong>enim</strong></span> <span class='ocrx_word' id='word_1_235' title='bbox 1621 3117 2039 3201; x_wconf 88' lang='lat' dir='ltr'><strong>respondendi</strong></span> <span class='ocrx_word' id='word_1_236' title='bbox 2082 3136 2260 3182; x_wconf 90' lang='lat' dir='ltr'><strong>mora</strong></span> <span class='ocrx_word' id='word_1_237' title='bbox 2304 3120 2369 3183; x_wconf 92' lang='lat' dir='ltr'><strong>et</strong></span> <span class='ocrx_word' id='word_1_238' title='bbox 2401 3117 2583 3183; x_wconf 86' lang='lat' dir='ltr'><strong>nobis</strong></span> <span class='ocrx_word' id='word_1_239' title='bbox 2629 3119 2692 3183; x_wconf 91' lang='lat' dir='ltr'><strong>et</strong></span> <span class='ocrx_word' id='word_1_240' title='bbox 2726 3117 2890 3182; x_wconf 88' lang='lat' dir='ltr'><strong>veri-</strong></span> 
     </span>
     <span class='ocr_line' id='line_1_28' title="bbox 538 3221 2892 3307; baseline 0.001 -21"><span class='ocrx_word' id='word_1_241' title='bbox 538 3221 660 3286; x_wconf 89' lang='lat' dir='ltr'><strong>tati</strong></span> <span class='ocrx_word' id='word_1_242' title='bbox 728 3222 1142 3307; x_wconf 89' lang='lat' dir='ltr'><strong>publicaeque</strong></span> <span class='ocrx_word' id='word_1_243' title='bbox 1208 3223 1349 3307; x_wconf 91' lang='lat' dir='ltr'><strong>paci</strong></span> <span class='ocrx_word' id='word_1_244' title='bbox 1396 3224 1748 3306; x_wconf 88' lang='lat' dir='ltr'><strong>plurimum</strong></span> <span class='ocrx_word' id='word_1_245' title='bbox 1795 3224 1987 3288; x_wconf 86' lang='lat' dir='ltr'><strong>obest.</strong></span> <span class='ocrx_word' id='word_1_246' title='bbox 2082 3223 2422 3289; x_wconf 86' lang='lat' dir='ltr'><strong>Precamur</strong></span> <span class='ocrx_word' id='word_1_247' title='bbox 2489 3223 2767 3307; x_wconf 85' lang='lat' dir='ltr'><strong>insuper,</strong></span> <span class='ocrx_word' id='word_1_248' title='bbox 2816 3225 2892 3288; x_wconf 91' lang='lat' dir='ltr'><strong>ut</strong></span> 
     </span>
     <span class='ocr_line' id='line_1_29' title="bbox 541 3327 2891 3413; baseline 0 -20"><span class='ocrx_word' id='word_1_249' title='bbox 541 3327 704 3393; x_wconf 91' lang='lat' dir='ltr'><strong>hanc</strong></span> <span class='ocrx_word' id='word_1_250' title='bbox 751 3329 1001 3394; x_wconf 90' lang='lat' dir='ltr'><strong>fidelem</strong></span> <span class='ocrx_word' id='word_1_251' title='bbox 1045 3331 1325 3395; x_wconf 88' lang='lat' dir='ltr'><strong>nostram</strong></span> <span class='ocrx_word' id='word_1_252' title='bbox 1393 3328 1888 3395; x_wconf 87' lang='lat' dir='ltr'><strong>admonitionem</strong></span> <span class='ocrx_word' id='word_1_253' title='bbox 1931 3329 2083 3394; x_wconf 93' lang='lat' dir='ltr'><strong>boni</strong></span> <span class='ocrx_word' id='word_1_254' title='bbox 2140 3329 2485 3395; x_wconf 87' lang='lat' dir='ltr'><strong>consulatis</strong></span> <span class='ocrx_word' id='word_1_255' title='bbox 2531 3348 2731 3413; x_wconf 89' lang='lat' dir='ltr'><strong>neque</strong></span> <span class='ocrx_word' id='word_1_256' title='bbox 2776 3348 2891 3395; x_wconf 89' lang='lat' dir='ltr'><strong>nos</strong></span> 
     </span>
    </p>
   </div>
   <div class='ocr_carea' id='block_1_5' title="bbox 500 3433 2893 3519">
    <p class='ocr_par' dir='ltr' id='par_1_5' title="bbox 500 3433 2893 3519">
     <span class='ocr_line' id='line_1_30' title="bbox 500 3433 2893 3519; baseline -0.002 -15"><span class='ocrx_word' id='word_1_257' title='bbox 500 3487 514 3504; x_wconf 91' lang='lat'><strong>.</strong></span> <span class='ocrx_word' id='word_1_258' title='bbox 538 3433 665 3499; x_wconf 90' lang='lat' dir='ltr'><strong>nisi</strong></span> <span class='ocrx_word' id='word_1_259' title='bbox 710 3434 975 3500; x_wconf 85' lang='lat' dir='ltr'><strong>veritate</strong></span> <span class='ocrx_word' id='word_1_260' title='bbox 1022 3435 1337 3502; x_wconf 86' lang='lat' dir='ltr'><strong>convictos</strong></span> <span class='ocrx_word' id='word_1_261' title='bbox 1383 3436 1451 3501; x_wconf 91' lang='lat' dir='ltr'><strong>in</strong></span> <span class='ocrx_word' id='word_1_262' title='bbox 1498 3435 1706 3501; x_wconf 88' lang='lat' dir='ltr'><strong>officio</strong></span> <span class='ocrx_word' id='word_1_263' title='bbox 1753 3435 2045 3501; x_wconf 68' lang='lat' dir='ltr'><strong>turbetis</strong></span> <span class='ocrx_word' id='word_1_264' title='bbox 2139 3433 2247 3502; x_wconf 77' lang='lat' dir='ltr'><strong>*Si</strong></span> <span class='ocrx_word' id='word_1_265' title='bbox 2292 3456 2436 3502; x_wconf 84' lang='lat' dir='ltr'><strong>vero</strong></span> <span class='ocrx_word' id='word_1_266' title='bbox 2481 3435 2893 3519; x_wconf 81' lang='lat' dir='ltr'><strong>pertinaciter</strong></span> 
     </span>
    </p>
   </div>
   <div class='ocr_carea' id='block_1_6' title="bbox 539 3540 2893 3714">
    <p class='ocr_par' dir='ltr' id='par_1_6' title="bbox 539 3540 2893 3714">
     <span class='ocr_line' id='line_1_31' title="bbox 543 3540 2893 3626; baseline 0 -21"><span class='ocrx_word' id='word_1_267' title='bbox 543 3541 743 3625; x_wconf 91' lang='lat' dir='ltr'><strong>(quod</strong></span> <span class='ocrx_word' id='word_1_268' title='bbox 788 3540 1199 3624; x_wconf 89' lang='lat' dir='ltr'><strong>Omnipotens</strong></span> <span class='ocrx_word' id='word_1_269' title='bbox 1240 3543 1512 3625; x_wconf 83' lang='lat' dir='ltr'><strong>avertat)</strong></span> <span class='ocrx_word' id='word_1_270' title='bbox 1558 3542 1956 3626; x_wconf 89' lang='lat' dir='ltr'><strong>propositum</strong></span> <span class='ocrx_word' id='word_1_271' title='bbox 1985 3544 2267 3608; x_wconf 83' lang='lat' dir='ltr'><strong>vestrum</strong></span> <span class='ocrx_word' id='word_1_272' title='bbox 2298 3541 2607 3623; x_wconf 87' lang='lat' dir='ltr'><strong>urseritis,</strong></span> <span class='ocrx_word' id='word_1_273' title='bbox 2656 3541 2893 3606; x_wconf 91' lang='lat' dir='ltr'><strong>nihilo-</strong></span> 
     </span>
     <span class='ocr_line' id='line_1_32' title="bbox 539 3647 2892 3714; baseline 0 -2"><span class='ocrx_word' id='word_1_274' title='bbox 539 3648 754 3712; x_wconf 91' lang='lat' dir='ltr'><strong>minus</strong></span> <span class='ocrx_word' id='word_1_275' title='bbox 786 3648 997 3712; x_wconf 87' lang='lat' dir='ltr'><strong>tamen</strong></span> <span class='ocrx_word' id='word_1_276' title='bbox 1040 3649 1290 3713; x_wconf 88' lang='lat' dir='ltr'><strong>nostrae</strong></span> <span class='ocrx_word' id='word_1_277' title='bbox 1320 3666 1358 3712; x_wconf 89' lang='lat' dir='ltr'><strong>a</strong></span> <span class='ocrx_word' id='word_1_278' title='bbox 1386 3649 1518 3713; x_wconf 94' lang='lat' dir='ltr'><strong>Deo</strong></span> <span class='ocrx_word' id='word_1_279' title='bbox 1550 3648 1733 3714; x_wconf 90' lang='lat' dir='ltr'><strong>nobis</strong></span> <span class='ocrx_word' id='word_1_280' title='bbox 1766 3647 2135 3713; x_wconf 90' lang='lat' dir='ltr'><strong>commissae</strong></span> <span class='ocrx_word' id='word_1_281' title='bbox 2181 3647 2496 3713; x_wconf 83' lang='lat' dir='ltr'><strong>functioni</strong></span> <span class='ocrx_word' id='word_1_282' title='bbox 2525 3647 2892 3713; x_wconf 88' lang='lat' dir='ltr'><strong>insistentes</strong></span> 
     </span>
    </p>
   </div>
   <div class='ocr_carea' id='block_1_7' title="bbox 753 3839 1065 3910">
    <p class='ocr_par' dir='ltr' id='par_1_7' title="bbox 753 3839 1065 3910">
     <span class='ocr_line' id='line_1_33' title="bbox 753 3839 1065 3910; baseline 0.006 -17"><span class='ocrx_word' id='word_1_283' title='bbox 753 3840 801 3910; x_wconf 83' lang='lat'><strong>⁸)</strong></span> <span class='ocrx_word' id='word_1_284' title='bbox 840 3840 978 3896; x_wconf 56' lang='lat' dir='ltr'><strong>Ma:</strong></span> <span class='ocrx_word' id='word_1_285' title='bbox 1010 3839 1065 3895; x_wconf 87' lang='grc'><strong>4.</strong></span> 
     </span>
    </p>
   </div>
   <div class='ocr_carea' id='block_1_8' title="bbox 545 3948 972 3960">
    <p class='ocr_par' dir='ltr' id='par_1_8' title="bbox 545 3948 972 3960">
     <span class='ocr_line' id='line_1_34' title="bbox 545 3948 972 3960; baseline 0 1115"><span class='ocrx_word' id='word_1_286' title='bbox 545 3948 972 3960; x_wconf 95' lang='lat' dir='ltr'><strong> </strong></span> 
     </span>
    </p>
   </div>
   <div class='ocr_carea' id='block_1_9' title="bbox 542 3998 2896 4249">
    <p class='ocr_par' dir='ltr' id='par_1_9' title="bbox 542 3998 2896 4249">
     <span class='ocr_line' id='line_1_35' title="bbox 759 3998 2896 4072; baseline 0 -19"><span class='ocrx_word' id='word_1_287' title='bbox 759 4000 802 4066; x_wconf 89' lang='lat'><strong>¹)</strong></span> <span class='ocrx_word' id='word_1_288' title='bbox 837 3999 962 4070; x_wconf 83' lang='lat' dir='ltr'><strong>Vgl.</strong></span> <span class='ocrx_word' id='word_1_289' title='bbox 1005 4002 1033 4055; x_wconf 95' lang='lat'>1</span> <span class='ocrx_word' id='word_1_290' title='bbox 1071 4000 1214 4056; x_wconf 84' lang='lat' dir='ltr'><strong>Tim.</strong></span> <span class='ocrx_word' id='word_1_291' title='bbox 1253 4002 1302 4069; x_wconf 89' lang='lat'><strong>1,</strong></span> <span class='ocrx_word' id='word_1_292' title='bbox 1343 4001 1426 4055; x_wconf 85' lang='lat'><strong>13.</strong></span> <span class='ocrx_word' id='word_1_293' title='bbox 1483 4029 1551 4040; x_wconf 88' lang='lat'><strong>—</strong></span> <span class='ocrx_word' id='word_1_294' title='bbox 1608 3998 1654 4070; x_wconf 81' lang='lat'><strong>²)</strong></span> <span class='ocrx_word' id='word_1_295' title='bbox 1689 4001 1795 4055; x_wconf 86' lang='lat' dir='ltr'><strong>Die</strong></span> <span class='ocrx_word' id='word_1_296' title='bbox 1832 4000 2287 4072; x_wconf 69' lang='lat' dir='ltr'><strong>Entgegnungem</strong></span> <span class='ocrx_word' id='word_1_297' title='bbox 2338 4000 2426 4055; x_wconf 87' lang='lat' dir='ltr'><strong>die</strong></span> <span class='ocrx_word' id='word_1_298' title='bbox 2465 3999 2743 4070; x_wconf 84' lang='lat' dir='ltr'><strong>Glandorp</strong></span> <span class='ocrx_word' id='word_1_299' title='bbox 2780 3999 2896 4054; x_wconf 88' lang='lat' dir='ltr'><strong>und</strong></span> 
     </span>
     <span class='ocr_line' id='line_1_36' title="bbox 544 4087 2895 4159; baseline 0.001 -17"><span class='ocrx_word' id='word_1_300' title='bbox 544 4087 831 4142; x_wconf 85' lang='lat' dir='ltr'><strong>Wirtheim</strong></span> <span class='ocrx_word' id='word_1_301' title='bbox 857 4104 946 4142; x_wconf 87' lang='lat' dir='ltr'><strong>am</strong></span> <span class='ocrx_word' id='word_1_302' title='bbox 969 4089 1056 4142; x_wconf 89' lang='grc'><strong>31.</strong></span> <span class='ocrx_word' id='word_1_303' title='bbox 1081 4089 1223 4159; x_wconf 86' lang='lat' dir='ltr'><strong>Aug.</strong></span> <span class='ocrx_word' id='word_1_304' title='bbox 1249 4087 1617 4143; x_wconf 67' lang='lat' dir='ltr'><strong>thatsachlich</strong></span> <span class='ocrx_word' id='word_1_305' title='bbox 1655 4089 1778 4144; x_wconf 89' lang='lat' dir='ltr'><strong>dem</strong></span> <span class='ocrx_word' id='word_1_306' title='bbox 1809 4089 1950 4143; x_wconf 83' lang='lat' dir='ltr'><strong>Bate</strong></span> <span class='ocrx_word' id='word_1_307' title='bbox 1988 4089 2325 4159; x_wconf 86' lang='lat' dir='ltr'><strong>eingereicht</strong></span> <span class='ocrx_word' id='word_1_308' title='bbox 2346 4088 2539 4144; x_wconf 84' lang='lat' dir='ltr'><strong>hatten</strong></span> <span class='ocrx_word' id='word_1_309' title='bbox 2581 4089 2645 4157; x_wconf 86' lang='lat' dir='ltr'><strong>(s.</strong></span> <span class='ocrx_word' id='word_1_310' title='bbox 2682 4088 2895 4144; x_wconf 87' lang='lat' dir='ltr'><strong>Herm.</strong></span> 
     </span>
     <span class='ocr_line' id='line_1_37' title="bbox 542 4175 2896 4249; baseline 0.002 -20"><span class='ocrx_word' id='word_1_311' title='bbox 542 4175 1016 4232; x_wconf 86' lang='lat' dir='ltr'><strong>Hamelmann:</strong></span> <span class='ocrx_word' id='word_1_312' title='bbox 1072 4177 1157 4232; x_wconf 88' lang='lat' dir='ltr'><strong>De</strong></span> <span class='ocrx_word' id='word_1_313' title='bbox 1191 4177 1516 4249; x_wconf 78' lang='lat' dir='ltr'><strong>paedobapt.</strong></span> <span class='ocrx_word' id='word_1_314' title='bbox 1564 4177 1653 4232; x_wconf 90' lang='lat' dir='ltr'><strong>Bl.</strong></span> <span class='ocrx_word' id='word_1_315' title='bbox 1693 4178 1913 4247; x_wconf 75' lang='lat' dir='ltr'><strong>G2ff.),</strong></span> <span class='ocrx_word' id='word_1_316' title='bbox 1969 4177 2080 4232; x_wconf 90' lang='lat' dir='ltr'><strong>und</strong></span> <span class='ocrx_word' id='word_1_317' title='bbox 2134 4178 2222 4233; x_wconf 90' lang='lat' dir='ltr'><strong>die</strong></span> <span class='ocrx_word' id='word_1_318' title='bbox 2273 4178 2515 4233; x_wconf 88' lang='lat' dir='ltr'><strong>Brictius</strong></span> <span class='ocrx_word' id='word_1_319' title='bbox 2556 4181 2672 4233; x_wconf 88' lang='lat' dir='ltr'><strong>tom</strong></span> <span class='ocrx_word' id='word_1_320' title='bbox 2707 4176 2896 4233; x_wconf 87' lang='lat' dir='ltr'><strong>Norde</strong></span> 
     </span>
    </p>
   </div>
   <div class='ocr_carea' id='block_1_10' title="bbox 542 4263 2898 4425">
    <p class='ocr_par' dir='ltr' id='par_1_10' title="bbox 542 4263 2898 4425">
     <span class='ocr_line' id='line_1_38' title="bbox 543 4263 2898 4336; baseline 0.001 -19"><span class='ocrx_word' id='word_1_321' title='bbox 543 4263 981 4319; x_wconf 81' lang='lat' dir='ltr'><strong>unterzeichnete</strong></span> <span class='ocrx_word' id='word_1_322' title='bbox 1017 4265 1086 4334; x_wconf 88' lang='lat' dir='ltr'><strong>(s.</strong></span> <span class='ocrx_word' id='word_1_323' title='bbox 1124 4266 1332 4321; x_wconf 88' lang='lat' dir='ltr'><strong>ebenda</strong></span> <span class='ocrx_word' id='word_1_324' title='bbox 1366 4266 1455 4322; x_wconf 89' lang='lat' dir='ltr'><strong>Bl.</strong></span> <span class='ocrx_word' id='word_1_325' title='bbox 1493 4265 1541 4320; x_wconf 89' lang='lat' dir='ltr'>G</span> <span class='ocrx_word' id='word_1_326' title='bbox 1562 4266 1667 4336; x_wconf 70' lang='lat' dir='ltr'><strong>GV),</strong></span> <span class='ocrx_word' id='word_1_327' title='bbox 1721 4283 1901 4322; x_wconf 78' lang='lat' dir='ltr'><strong>waren</strong></span> <span class='ocrx_word' id='word_1_328' title='bbox 1938 4265 2055 4320; x_wconf 85' lang='lat' dir='ltr'><strong>also</strong></span> <span class='ocrx_word' id='word_1_329' title='bbox 2093 4266 2337 4321; x_wconf 81' lang='lat' dir='ltr'><strong>offenbar</strong></span> <span class='ocrx_word' id='word_1_330' title='bbox 2385 4266 2490 4322; x_wconf 86' lang='lat' dir='ltr'><strong>den</strong></span> <span class='ocrx_word' id='word_1_331' title='bbox 2527 4265 2898 4322; x_wconf 79' lang='lat' dir='ltr'><strong>Predikanten</strong></span> 
     </span>
     <span class='ocr_line' id='line_1_39' title="bbox 542 4351 1394 4425; baseline 0.004 -20"><span class='ocrx_word' id='word_1_332' title='bbox 542 4351 700 4406; x_wconf 88' lang='lat' dir='ltr'><strong>nicht</strong></span> <span class='ocrx_word' id='word_1_333' title='bbox 734 4352 1126 4425; x_wconf 63' lang='lat' dir='ltr'><strong>eingehRndigt</strong></span> <span class='ocrx_word' id='word_1_334' title='bbox 1160 4355 1394 4410; x_wconf 80' lang='lat' dir='ltr'><strong>worden.</strong></span> 
     </span>
    </p>
   </div>
   <div class='ocr_carea' id='block_1_11' title="bbox 3189 485 3232 856">
    <p class='ocr_par' dir='ltr' id='par_1_11' title="bbox 3189 485 3232 856">
     <span class='ocr_line' id='line_1_40' title="bbox 3189 485 3232 856; textangle 90"><span class='ocrx_word' id='word_1_335' title='bbox 3189 485 3232 856; x_wconf 47' lang='lat' dir='ltr'><strong>Minus-</strong></span> 
     </span>
    </p>
   </div>
  </div>
 </body>
</html>
