3259 5075
617 278 750 344 934
1480 276 1665 344 Anno
1717 279 1888 344 1553
1934 280 2093 344 acta.

829 454 967 519 Hoc
1013 473 1385 537 responsum
1431 454 1679 519 civibus
1726 453 1983 537 quidem
2027 453 2298 536 placuit,
2365 455 2613 521 senatui
2660 475 2805 521 vero
2855 458 3012 522 mi—

617 560 818 642 nime,
881 560 1045 643 apud
1094 580 1281 644 quem
1327 560 1522 644 legati
1568 559 1922 644 superiores
1979 559 2190 643 plebei
2235 560 2470 626 favoris
2517 562 2794 645 suspecti
2843 583 3006 628 6636

618 668 986 748 coeperunt,
1035 665 1215 750 quasi
1261 668 1374 731 aut
1418 666 1583 731 male
1652 666 1963 750 legatione
2010 666 2140 731 sint
2183 666 2392 732 functi
2447 669 2557 733 aut
2603 686 3002 751 responsum.

615 770 925 854 principis
970 789 1045 835 ex
1089 770 1213 836 fide
1259 789 1384 836 non
1431 771 1785 838 retulerint.
1854 770 2003 836 Alia
2046 771 2260 856 itaque
2312 772 2543 856 legatio
2590 773 2986 856 decernitur,

614 876 686 942 in
732 895 856 960 qua
900 876 1158 941 fuerunt
1226 877 1624 942 Hermannus
1672 876 1944 959 Heerde‚
2014 877 2277 942 Ioannes
2322 877 2774 962 Bischopinck,
2824 899 2994 944 con-—

617 982 813 1064 eules,
862 980 1260 1047 Christianus
1308 1000 1346 1046 a
1388 982 1599 1063 Wick,
1650 982 1870 1046 doctor
1915 1000 1987 1046 ac
2033 985 2287 1047 senatus
2335 984 2664 1067 syndicu3‚
2736 986 2994 1067 quibus

616 1109 650 1154 e
680 1089 918 1153 civium
950 1106 1209 1152 numero
1239 1087 1476 1171 Caspar
1499 1087 1774 1154 Iudefelt
1804 1090 1866 1153 et
1899 1088 2216 1155 Gerardus
2241 1089 2479 1155 Oswalt
2508 1090 2976 1175 adiunguntur.

615 1193 705 1259 Hi
749 1193 831 1259 ad
876 1193 1229 1276 principem
1298 1193 1560 1258 admissi
1622 1195 2141 1259 commemorant:
2212 1197 2502 1260 senatum
2547 1198 2994 1281 opificumque

616 1299 824 1365 curias
870 1302 1059 1382 atque
1104 1302 1302 1365 totam
1350 1298 1631 1364 civitatis
1676 1298 2190 1364 Monasterieusis
2236 1301 2755 1366 communitatem
2786 1302 2988 1368 Wes-

612 1406 867 1491 lingum
896 1408 960 1471 et
994 1405 1322 1472 Corlerum
1366 1405 1745 1490 legationem
1777 1404 2052 1470 obeundi
2096 1405 2306 1489 gratia
2337 1406 2410 1471 ad
2461 1406 2814 1491 principem
2847 1409 2982 1473 mi-

620 1512 810 1595 sisse3
856 1531 1003 1579 cum
1049 1515 1261 1578 autem
1307 1531 1678 1595 responsum
1716 1511 1928 1576 visum
1974 1511 2061 1576 sit
2106 1512 2445 1577 obscurum
2493 1516 2557 1578 et
2600 1514 2984 1597 perplexum

615 1637 815 1703 neque
847 1619 1001 1684 satis
1034 1618 1157 1684 sibi
1190 1622 1582 1701 compertum
1627 1617 1919 1698 habeant,
1968 1636 2377 1700 perperamne
2422 1619 2801 1703 legationem
2832 1622 2988 1686 obi-

613 1726 822 1791 verint
866 1745 947 1790 an
993 1726 1155 1790 male
1202 1725 1527 1790 intellecta
1571 1744 1685 1807 pro
1732 1743 2030 1808 responso
2087 1725 2443 1807 retulerint,
2515 1745 2580 1791 se
2627 1746 2773 1811 ergo
2820 1748 2986 1792 con-

616 1833 791 1897 stans
838 1834 904 1896 et
948 1832 1222 1897 solidum
1266 1850 1639 1915 responsum
1684 1831 1959 1913 petitum
2007 1829 2251 1912 adesse,
2317 1850 2396 1896 ne
2442 1832 2597 1916 quid
2642 1833 2790 1898 novi
2837 1833 2984 1898 dis—-

617 1937 767 2002 sidii
813 1937 1194 2003 suboriatur.
1287 1937 1391 2003 Ibi
1437 1939 1590 2001 tunc
1658 1937 2262 2020 archigrammateus
2307 1937 2741 2020 Wendelinus,
2812 1940 2982 2023 quid

614 2043 854 2127 priores
900 2043 1095 2128 legati
1139 2043 1481 2127 petiverint
1524 2043 1759 2127 quidve
1804 2043 2088 2126 responsi
2133 2044 2314 2109 iussu
2359 2044 2669 2128 principis
2717 2065 2974 2129 accepe-

613 2150 766 2231 rint,
814 2150 1122 2215 edisserit.
1188 2151 1270 2215 Et
1314 2170 1461 2215 cum
1491 2149 1688 2234 legati
1732 2148 1845 2214 isti
1890 2150 2010 2215 hoc
2041 2169 2411 2234 responsum
2456 2170 2535 2216 ne
2566 2151 2823 2235 quidem
2869 2152 2978 2216 di-

613 2256 824 2340 gitum
867 2275 906 2320 a
951 2257 1269 2340 superiore
1314 2257 1669 2340 discrepare
1715 2255 2313 2339 animadverterent,
2360 2256 2598 2340 partim
2645 2257 2976 2339 pudefacti

614 2363 678 2427 et
724 2360 973 2444 offensi,
1041 2362 1277 2444 partim
1321 2361 1474 2427 laeti
1519 2364 1583 2427 et
1626 2362 1969 2446 gestientes
2035 2361 2314 2445 principi
2373 2362 2612 2446 gratias
2659 2366 2860 2446 agunt
2905 2366 2976 2428 et

614 2466 1033 2534 abituriunt¹.
1126 2468 1507 2553 Priusquam
1553 2488 1698 2534 vero
1747 2468 2130 2552 recederent,
2198 2468 2491 2553 princeps
2537 2489 2650 2553 per
2694 2469 2978 2536 Wende-

830 2753 875 2822 ι)
911 2753 1015 2807 Die
1056 2753 1256 2819 „Korte
1292 2753 1655 2822 antekunge“:
1717 2753 1831 2820 „Do
1869 2769 1943 2807 nu
1995 2753 2084 2807 die
2120 2752 2309 2807 doctor
2344 2753 2456 2806 und
2496 2753 2660 2807 Peter
2713 2752 2812 2807 dat
2847 2757 2980 2808 ant·-

613 2840 789 2897 wordt
822 2841 989 2897 wider
1023 2842 1367 2910 inbrechten‚
1423 2841 1621 2912 geviell
1660 2842 1757 2896 das
1795 2840 1897 2895 den
1935 2840 2065 2896 rade
2103 2840 2284 2910 nicht,
2340 2840 2447 2896 dan
2485 2841 2574 2895 die
2610 2841 2838 2895 freunde
2874 2841 2986 2896 der·

614 2933 798 3000 ampte
834 2929 947 2984 und
983 2933 1228 3001 gemeine
1264 2947 1437 2985 weren
1477 2930 1575 2984 dar
1611 2929 1736 2984 wall
1774 2929 1930 2984 mede
1968 2929 2265 2984 aufridden.
2328 2929 2426 2984 Als
2464 2946 2539 2983 nu
2574 2931 2986 2999 burgemeister-

612 3019 725 3073 und
760 3018 908 3073 raith
946 3019 1034 3074 die
1070 3019 1278 3090 heyden
1317 3018 1664 3089 geschickten
1715 3018 1967 3073 mochten
2004 3018 2356 3089 verdechtigh
2392 3018 2631 3086 hebben,
2686 3017 2835 3072 alsoe
2871 3018 2972 3073 dat

616 3106 860 3162 datselve
916 3107 1069 3164 nicht
1105 3109 1261 3163 recht
1313 3123 1619 3178 geworven,
1675 3123 1892 3178 gyngen
1949 3106 2122 3177 beyde
2157 3108 2552 3177 burgemeister
2588 3148 2601 3161 .
2622 3146 2635 3160 .
2660 3146 2673 3160 .
2729 3106 2969 3161 Herman

612 3195 826 3250 Heerde
862 3197 975 3250 und
1010 3197 1191 3252 Johan
1229 3195 1502 3265 Bispinck,
1559 3212 1749 3249 nemen
1788 3196 1891 3250 mit
1927 3195 2042 3249 sich
2080 3194 2269 3250 doctor
2306 3195 2460 3249 Wick
2500 3236 2513 3249 .
2537 3234 2550 3248 .
2574 3235 2606 3263 .‚
2662 3194 2982 3248 dar-heffena

613 3284 757 3339 werd
794 3286 1092 3355 bigegeveu
1141 3284 1339 3355 Jaspar
1373 3282 1627 3340 Jodevelt
1681 3283 1793 3338 und
1830 3285 2052 3339 meister
2106 3283 2379 3339 Gerhardt
2414 3283 2697 3338 Osswaldt.
2769 3282 2867 3337 Ale
2902 3299 2968 3352 sy

612 3389 688 3427 nu
723 3373 797 3442 by
833 3373 937 3428 den
974 3373 1183 3428 fursten
1223 3375 1496 3444 queimeu‚
1553 3374 1744 3443 geiven
1782 3373 1887 3440 fur,
1941 3374 2042 3427 wie
2080 3373 2178 3426 dat
2213 3373 2302 3427 die
2338 3372 2479 3440 radt,
2536 3376 2688 3442 ampt
2723 3371 2835 3426 und
2871 3387 2968 3440 ge·

612 3460 877 3515 meinheit
913 3478 983 3515 au
1008 3462 1126 3516 sine
1161 3461 1200 3516 f.
1227 3478 1280 3530 g.
1307 3461 1529 3530 gestalt,
1567 3461 1666 3516 dat
1689 3463 1805 3516 sine
1830 3461 1869 3515 f.
1895 3479 1948 3531 g.
1987 3478 2160 3531 eynen
2184 3461 2493 3531 uitsproeck
2519 3461 2656 3515 doen
2683 3459 2834 3514 solde
2863 3503 2875 3515 .
2897 3501 2910 3514 .
2933 3499 2976 3527 .,

613 3547 777 3603 dar-ut
799 3549 1009 3603 wolden
1046 3551 1124 3604 sie
1161 3549 1269 3603 alle
1295 3549 1614 3619 geseddiget
1650 3550 1760 3605 und
1797 3550 2074 3605 toefreden
2101 3566 2217 3619 syn,
2256 3566 2316 3603 so
2341 3553 2512 3603 wuste
2549 3550 2664 3602 sine
2689 3548 2729 3603 f.
2758 3565 2811 3617 g.
2849 3547 2974 3601 sich.

614 3636 904 3691 derhalven
944 3636 1072 3690 sake
1109 3654 1201 3691 soe
1238 3637 1734 3692 underscheidtlick
1771 3639 1926 3692 nicht
1961 3642 2051 3691 toe
2087 3636 2388 3705 berichten,
2427 3637 2534 3691 dan
2571 3636 2662 3690 hie
2699 3652 2832 3705 geve
2869 3635 2970 3689 dat

614 3741 713 3779 6116
749 3724 942 3795 heyme
997 3726 1110 3780 und
1144 3727 1202 3780 in
1241 3743 1329 3781 ere
1364 3726 1552 3781 macht
1590 3768 1603 3782 .
1625 3768 1640 3782 .
1662 3767 1700 3792 .,
1757 3727 1836 3781 sie
1872 3729 2078 3780 wuston
2114 3741 2189 3795 up
2229 3726 2408 3793 beste,
2467 3742 2572 3779 wes
2608 3725 2699 3779 ine
2733 3723 2976 3778 noedich-

612 3829 770 3868 were.
842 3814 965 3868 Dan
1003 3814 1102 3869 dat
1135 3814 1311 3869 hedde
1365 3816 1481 3870 sine
1519 3814 1557 3870 f.
1596 3833 1650 3886 g.
1686 3815 1962 3869 hirbeforn
1999 3813 2067 3868 de
2105 3813 2257 3868 stadt
2307 3815 2616 3882 restituert,
2675 3813 2981 3868 diewelche

612 3903 930 3957 restitution
966 3903 1045 3957 sie
1082 3902 1261 3957 selber
1295 3903 1417 3957 oick
1454 3904 1742 3973 gemacket
1775 3902 1985 3957 hedden
2023 3901 2163 3956 nach
2201 3919 2326 3957 eren
2365 3919 2503 3972 egen
2537 3902 2737 3957 willen.
2790 3902 2967 3955 Wann

612 4007 688 4045 nn
725 3990 864 4045 noch
899 3992 959 4045 in
996 3991 1093 4045 der
1127 3993 1445 4046 restitution
1481 4008 1589 4047 wes
1626 3991 1938 4062 mangelde,
1993 3989 2092 4045 dar
2125 3991 2299 4045 wolde
2335 3991 2404 4045 he
2441 4008 2500 4046 se
2537 3990 2677 4045 noch
2711 3992 2771 4044 111
2807 3990 2976 4045 resti—

613 4081 805 4135 tueren
842 4079 953 4134 und
991 4080 1110 4134 61611
1147 4079 1242 4134 des
1279 4080 1443 4150 eides,
1481 4097 1541 4135 so
1565 4080 1664 4134 der
1697 4079 1844 4134 raith
1880 4080 1997 4133 sine
2033 4078 2071 4134 f.
2100 4096 2154 4148 g.
2195 4119 2210 4133 .
2229 4121 2243 4134 .
2264 4121 2277 4134 .
2316 4079 2528 4149 gedaen
2563 4078 2755 4145 hedde,
2793 4078 2979 4132 wolde·

612 4166 706 4221 hie
739 4168 830 4221 ine
867 4169 999 4238 qwit
1034 4168 1289 4223 schelden
1328 4211 1342 4225 .
1364 4210 1378 4225 .
1399 4211 1413 4224 .
1452 4169 1649 4223 Wante
1686 4168 1775 4223 hie
1811 4168 2005 4222 andere
2041 4166 2197 4221 nicht
2231 4184 2369 4222 were
2406 4167 2656 4235 bedacht,
2694 4166 2801 4221 dan
2838 4169 2966 4221 inen

614 4254 723 4310 alle
757 4256 838 4310 ire
860 4256 1091 4327 frigheit
1123 4257 1238 4311 und
1263 4257 1671 4328 gerechticheit,
1708 4274 1821 4313 woe
1843 4273 1949 4311 van
1974 4255 2221 4326 oldinges
2244 4255 2342 4311 her
2365 4256 2476 4310 und
2501 4256 2618 4310 foer
2653 4255 2742 4309 die
2766 4254 2980 4310 weder-

614 4342 751 4415 doep
788 4346 1016 4415 gewest‚
1053 4345 1257 4400 111111161-
1292 4345 1578 4402 toestellen
1617 4346 1730 4401 und
1766 4350 1857 4400 toe
1893 4361 2092 4415 geven3
2147 4344 2259 4399 und
2295 4360 2387 4399 soe
2422 4361 2547 4398 men
2583 4343 2822 4398 daruach
2858 4360 2978 4398 wea
