3259 5075
1129 334 1313 399 Anno
1368 336 1536 399 1534
1581 336 1739 399 acta.
2478 339 2599 402 731

256 507 569 590 publicae.
663 507 955 573 Timebat
999 508 1169 573 enim
1214 508 1535 592 princepS‚
1601 530 1681 575 ne
1725 511 1837 575 illo
1886 510 2263 593 interempto
2332 513 2606 596 anabap-

253 612 460 677 tistici
505 612 738 696 flagitii
783 616 1101 680 consortes
1134 634 1257 679 non
1304 615 1542 698 proditi
1588 616 1893 699 impuniti
1938 618 2330 681 remanerent
2363 619 2426 682 et
2458 637 2604 683 con-

255 738 450 784 cursu
493 719 751 785 tandem
813 720 978 786 facto
1025 740 1090 785 se
1134 739 1281 785 cum
1327 720 1620 786 omnibus
1671 721 1869 804 copiis
1917 724 1995 786 ab
2043 722 2364 786 obsidione
2408 724 2604 806 pelle-

254 827 416 890 rent.
512 825 667 890 Inde
713 826 868 891 duos
937 826 1186 892 itineris
1233 828 1491 892 comites
1539 827 2048 910 anabaptismum
2113 847 2358 911 quoque
2406 829 2604 893 simu-

252 930 457 995 lantes
490 930 713 996 Grasio
746 930 1057 1014 adiungit,
1106 951 1377 1015 quorum
1410 933 1571 998 alter
1614 933 1877 997 Ioannes
1910 933 2247 1014 Swerthen‚
2298 934 2410 1017 qui
2447 936 2604 998 urbe

253 1035 477 1100 relicta
521 1037 590 1100 in
636 1055 709 1101 ea
755 1056 943 1102 uxore
1011 1039 1382 1117 excesserat,
1455 1057 1612 1121 quae
1659 1039 1724 1102 et
1766 1038 1953 1120 pedes
2002 1042 2065 1104 et
2109 1056 2295 1122 eques
2365 1042 2606 1105 armata

252 1140 470 1225 virago
540 1142 686 1225 plus
747 1161 936 1225 quam
992 1142 1118 1207 viri
1162 1143 1444 1208 officium
1504 1144 1569 1207 in
1616 1144 1993 1226 repellendis
2062 1145 2354 1209 hostibus
2423 1164 2604 1228 saepe

254 1249 613 1312 exercuerat
630 1250 682 1329 ¹3
745 1248 906 1313 alter
950 1268 1095 1313 vero
1158 1250 1365 1314 scriba
1424 1249 1550 1314 fuit
1594 1249 1885 1315 Mauritii
1931 1251 2008 1314 ab
2056 1250 2446 1314 Amelunxen
2493 1268 2604 1315 no-

252 1351 405 1417 bilis
427 1354 470 1417 ².
565 1353 685 1419 Sed
732 1373 877 1418 cum
931 1355 1000 1419 hi
1047 1358 1256 1420 essent
1316 1356 1508 1420 huius
1574 1356 1933 1421 schismatis
2003 1355 2235 1438 ignari,
2307 1355 2603 1421 Grasium

254 1460 594 1541 sectantur,
643 1459 820 1524 illius
851 1480 1053 1525 mores
1100 1461 1435 1526 imitantur
1465 1463 1530 1526 et
1575 1461 1871 1544 effingere
1904 1460 2174 1542 discunt,
2225 1461 2412 1525 illum
2457 1480 2603 1543 pro-

253 1563 512 1646 phetam
573 1565 965 1648 appellantes
1025 1570 1406 1632 venerantur
1450 1569 1515 1632 et
1560 1567 1945 1649 suspiciunt,
2016 1566 2201 1630 illum
2251 1568 2598 1648 observant,

253 1670 334 1733 ab
370 1669 483 1734 illo
528 1672 831 1754 tanquam
877 1671 1178 1755 magistro
1225 1690 1337 1736 suo
1384 1672 1504 1736 toti
1550 1672 1844 1755 pendent.
1915 1671 2039 1735 Hic
2085 1690 2228 1754 ergo
2260 1671 2603 1736 Wesaliam

255 1792 403 1838 cum
447 1774 779 1859 discipulis
827 1776 960 1841 suis
1005 1777 1185 1842 iussu
1230 1776 1538 1860 principis
1585 1777 1678 1842 ire
1720 1778 2044 1842 contendit
2088 1779 2152 1841 et
2197 1778 2461 1842 ostensis
2511 1778 2603 1842 ibi

252 1880 446 1963 regiis
493 1881 698 1946 literis
745 1884 809 1946 et
854 1883 1156 1966 symbolis
1203 1882 1582 1965 quibusdam
1627 1883 2069 1947 secretioribus
2117 1902 2182 1947 se
2227 1884 2294 1946 in
2326 1902 2602 1965 quorun-

254 1984 402 2049 dam
460 1987 675 2069 magni
743 1988 1016 2053 nominis
1087 1988 1326 2053 civium
1393 1987 1893 2053 familiaritatem
1939 1991 2003 2053 et
2062 1988 2598 2071 consuetudinem,

256 2109 411 2175 quos
458 2091 740 2157 eiusdem
784 2093 1023 2158 farinae
1071 2112 1202 2158 esse
1249 2094 1638 2177 cognoverat,
1688 2093 2005 2173 insinuat3
2079 2091 2189 2174 qui
2234 2112 2379 2157 cum
2424 2113 2490 2157 se
2534 2093 2602 2158 in

255 2197 425 2280 regis
472 2199 985 2264 Monasteriensis
1047 2199 1485 2264 liberationem
1531 2198 1778 2264 collatis
1824 2199 1891 2262 in
1939 2202 2139 2264 certas
2186 2199 2365 2263 aedes
2411 2198 2602 2263 variis

255 2323 575 2369 armorum
618 2303 956 2387 generibus
988 2305 1388 2388 suggestione
1418 2304 1627 2370 Grasii
1674 2306 2038 2385 armassent,
2087 2306 2166 2370 ab
2199 2305 2414 2369 eodem
2458 2324 2604 2388 pro-

255 2407 381 2474 diti
426 2411 593 2474 sunt.
688 2410 858 2490 Quae
904 2429 1001 2475 res
1048 2410 1331 2493 ingentes
1379 2409 1689 2475 Wesaliae
1753 2413 1961 2474 motus
2009 2410 2366 2475 concitavit.
2459 2410 2605 2475 Dux

255 2513 427 2580 enim
461 2513 740 2581 Iuliacus
786 2515 1217 2600 reprimendae
1249 2514 1576 2582 seditionis
1622 2534 1812 2581 causa
1840 2533 1986 2580 cum
2031 2514 2273 2600 aliquot
2317 2515 2602 2599 equitum

254 2620 487 2686 turmis
535 2622 756 2706 quinto
788 2622 890 2687 die
921 2622 1164 2704 Aprilis
1211 2622 1361 2686 anni
1398 2623 1566 2687 1535
1598 2621 1902 2704 oppidum
1948 2621 2264 2705 ingressus
2304 2623 2400 2685 13.
2436 2621 2604 2686 61116-

255 2725 402 2790 dem
447 2727 680 2792 mensis
745 2728 1041 2793 Ottonem
1087 2728 1360 2809 Vinken‚
1430 2727 1848 2791 Wilhelmum
1895 2726 2282 2791 Schlebusch
2340 2731 2405 2791 et
2448 2726 2603 2792 alios

255 2834 529 2916 quatuor
572 2853 700 2898 non
743 2834 1258 2899 contem'nendae
1305 2833 1701 2898 auctoritatis
1747 2833 1931 2913 cives,
2000 2832 2327 2896 seditionis
2372 2832 2600 2914 capita,

257 2936 556 3003 decollari
602 2941 665 3003 et
711 2941 884 3004 extra
928 2959 1139 3005 muros
1208 2939 1464 3022 sepeliri
1509 2939 1718 3004 iussit.
1810 2938 2062 3021 Reliqui
2110 2958 2254 3003 vero
2325 2938 2599 3019 retincti,

256 3061 525 3125 quorum
553 3064 820 3128 magnus
851 3047 985 3111 erat
1029 3064 1347 3127 111111161116,
1396 3045 1535 3128 ipsa
1571 3044 1891 3109 dominica
1935 3044 2226 3126 Iubilate‚
2276 3063 2433 3127 quae
2477 3044 2606 3110 fuit

476 3255 518 3323 ¹)
556 3255 694 3310 Vom
730 3256 780 3309 3.
818 3256 944 3311 Jan.
982 3256 1187 3310 datiert
1222 3256 1311 3310 6111
1346 3255 1539 3310 Befehl
1578 3255 1672 3309 des
1708 3254 1957 3309 Bischofs
2007 3271 2077 3309 an
2116 3255 2319 3309 Wilkin
2358 3256 2604 3325 Steding,

256 3343 315 3397 in
353 3342 475 3397 dem
512 3359 568 3398 66
604 3343 797 3399 heisst:
841 3344 944 3411 „So
984 3344 1100 3398 zick
1137 3343 1317 3398 Johan
1344 3344 1583 3399 Swerten
1622 3344 1765 3413 elige
1800 3343 2057 3398 huisfrow
2095 3344 2195 3398 uth
2232 3344 2479 3397 Munster
2513 3345 2605 3398 be-

257 3447 429 3500 geven
463 3431 656 3501 werde,
693 3450 757 3502 ys
793 3448 927 3487 unse
963 3431 1156 3500 bevell,
1194 3432 1292 3486 dat
1327 3432 1400 3485 du
1437 3431 1503 3486 de
1541 3431 1731 3486 alsdan
1770 3431 2065 3501 geleytlich
2103 3431 2336 3500 holdest,
2374 3431 2473 3485 ock
2508 3431 2608 3485 dar

257 3534 398 3573 anne
433 3523 555 3589 zyst
591 3519 734 3573 unde
757 3521 831 3589 by
856 3519 1092 3574 anderen
1128 3519 1433 3589 hoepludcn
1470 3518 1771 3587 bestallest,
1809 3519 2085 3573 derselven
2122 3519 2321 3573 frowen
2360 3537 2470 3589 gyn
2504 3520 2608 3574 leit

258 3606 424 3661 edder
459 3607 686 3662 overfall
739 3608 960 3677 gesche,
1017 3608 1215 3662 sunder
1249 3608 1424 3663 velich
1478 3608 1622 3662 unde
1658 3607 1904 3677 ungeleit
1950 3611 2008 3661 to
2045 3624 2299 3676 passeren
2356 3608 2608 3677 gestadet

256 3695 482 3750 werde.“
557 3695 743 3750 Dutch
783 3696 967 3750 diesen
1003 3696 1197 3751 Befehl
1234 3696 1490 3751 belohnte
1527 3696 1622 3749 der
1658 3695 1886 3750 Bischof
1931 3695 2018 3749 die
2053 3695 2282 3750 Dienste
2318 3696 2411 3750 des
2450 3697 2607 3750 einen

256 3782 561 3852 Begleiters
598 3783 692 3838 des
729 3783 798 3839 Η.
837 3783 1023 3839 Graes.

473 3870 517 3939 ει)
554 3871 861 3927 Denselben
897 3877 1069 3928 nennt
1105 3872 1245 3926 auch
1280 3873 1348 3926 D.
1386 3872 1567 3926 Lilie
1604 3871 1659 3926 S.
1697 3872 1829 3938 254,
1866 3872 1997 3926 81161·
2032 3870 2114 3925 816
2153 3871 2462 3940 einzigen
2501 3871 2605 3927 Ge·

257 3957 477 4014 ffihrten
532 3959 627 4014 des
665 3960 732 4015 H.
772 3960 941 4015 Graes
995 3961 1135 4015 nach
1173 3961 1368 4015 Wesel.
1440 3960 1509 4015 In
1547 3962 1723 4014 einem
1777 3959 2124 4013 undatierten
2168 3958 2459 4013 Schreiben
2511 3959 2606 4014 des

255 4046 507 4103 Bischofs
545 4065 615 4103 an
653 4050 802 4104 seine
838 4049 977 4104 Bate
1017 4050 1286 4120 (Konzept
1308 4051 1386 4103 im
1410 4048 1581 4104 St.-A.
1608 4048 1684 4102 Μ.
1722 4048 1797 4102 Μ.
1817 4049 1877 4102 L.
1899 4046 1964 4103 A.
1995 4048 2191 4101 518119
2227 4047 2292 4102 V.
2332 4045 2425 4101 fol.
2457 4048 2603 4114 1090)

258 4135 471 4189 werden
510 4136 591 4191 als
629 4137 811 4192 solche
848 4139 1163 4208 angegeben
1204 4138 1537 4192 Hermann
1573 4154 1623 4192 v.
1660 4134 2140 4205 Mengersen’s
2177 4135 2460 4190 Schreiber
2493 4134 2608 4189 und

257 4223 291 4278 J
295 4224 383 4280 oh.
422 4224 679 4282 Swerten.
753 4228 808 4282 S.
846 4226 986 4281 auch
1040 4227 1145 4281 den
1194 4226 1374 4297 gleich
1428 4224 1868 4281 anzufiihrenden
1920 4223 2146 4279 Bericht
2200 4222 2293 4278 des
2328 4223 2398 4277 Η.
2438 4221 2608 4277 Graes

257 4315 392 4370 iiber
445 4314 534 4369 die
572 4314 970 4369 Wiedertaufer
1024 4316 1080 4368 in
1118 4313 1300 4369 Wesel
1352 4313 1465 4367 und
1521 4313 1617 4367 das
1673 4311 1964 4367 Schreiben
2020 4311 2115 4366 des
2163 4310 2414 4366 Bischofs
2465 4309 2617 4365 nach.

258 4401 452 4456 Kassel
489 4419 611 4457 vom
652 4405 733 4456 12.
770 4402 982 4457 Januar
1027 4401 1123 4469 (M.
1162 4401 1320 4467 G.-Q.
1359 4400 1437 4468 11,
1474 4400 1682 4467 304f.).

2633 2626 2699 2667 18.
2728 2623 2805 2675 Ap

2696 2679 2815 2720 15³5.

2630 2853 2726 2923 Ἴ).
2763 2853 2907 2908 563-
