3259 5075
374 894 455 938 26.
484 891 518 937 J
519 902 601 938 an.

626 278 760 344 476
1487 276 1674 343 Anno
1726 277 1898 343 1534
1943 279 2100 343 acta.

629 454 835 537 spatio
881 453 1340 537 impressimus,
1405 453 1647 520 Datum
1697 454 1886 537 1534,
1936 453 2037 519 die
2082 452 2345 519 Veneris
2390 453 2538 537 post
2581 452 2817 518 festum
2860 453 2981 518 Fa-

628 559 803 625 biani
850 561 915 626 et
959 560 1316 626 Sebastiani
1359 561 1780 645 Martyrum.“

843 667 980 732 Hoc
1024 667 1333 751 principis
1380 667 1662 733 edictum
1706 687 1897 751 quam
1940 665 2286 750 oppidanos
2323 666 2610 748 moverit,
2661 664 2980 750 sequentis

628 772 931 857 temporis
977 792 1076 838 res
1122 775 1333 857 gestae
1403 774 1556 839 satis
1603 774 1884 840 edocent.
1976 774 2142 839 Nam
2186 774 2323 857 ipso
2370 772 2473 839 die
2540 771 2979 839 conversionis

630 880 708 946 D.
755 879 963 961 Pauli,
1015 880 1119 945 25.
1168 880 1469 962 Ianuarii,
1541 880 1980 946 Rothmannus
2026 881 2105 946 ab
2152 882 2374 946 octava
2431 878 2512 944 ad
2556 879 2869 945 decimam
2911 877 2981 941 in

628 985 865 1069 templo
913 985 1277 1051 Servatiano
1347 986 1710 1052 concionem
1776 987 2032 1069 habuit,
2080 986 2148 1051 in
2195 1005 2335 1070 qua,
2408 1003 2557 1050 cum
2602 1004 2728 1050 non
2774 983 2980 1048 solum

629 1092 929 1157 retinctos
1000 1111 1271 1176 suaeque
1338 1093 1632 1159 factionis
1704 1093 2018 1175 homineS,
2082 1113 2304 1158 verum
2348 1092 2542 1157 etiam
2589 1090 2979 1174 evangelicos

624 1200 811 1282 atque
859 1198 1199 1264 catholicos
1266 1201 1513 1282 praeter
1572 1199 1931 1282 opinionem
1996 1218 2177 1263 suam
2244 1198 2660 1281 conspiceret,
2732 1195 2979 1279 epilogo

623 1305 938 1369 concionis
999 1305 1362 1388 colophonis
1410 1304 1545 1371 vice
1614 1304 1893 1370 addidit:
1964 1305 2338 1388 margaritas
2406 1303 2613 1387 porcis
2675 1323 2801 1368 non
2848 1320 2980 1366 esse

624 1410 1060 1493 proiicienda8‚
1109 1411 1219 1476 sed
1252 1410 1469 1476 electis
1518 1429 1755 1495 suoque
1800 1411 2081 1494 catalogo
2101 1413 2119 1450 ¹
2159 1410 2503 1493 inscriptis
2570 1409 2787 1492 Neque
2834 1407 2979 1491 post

624 1515 788 1580 illud
819 1518 1069 1600 tempus
1115 1514 1387 1599 publice,
1438 1516 1547 1581 sed
1583 1516 1888 1599 privatim
1920 1517 1988 1581 in
2021 1516 2280 1582 aedibus
2313 1515 2711 1600 quorundam
2741 1513 2980 1579 civium

625 1623 1029 1688 concionatus
1063 1624 1160 1688 est
1178 1625 1218 1687 2.
1289 1621 1618 1688 Crescente
1666 1625 1878 1712 autem
1922 1623 2468 1707 anabaptistarum
2516 1640 2776 1686 numero
2794 1621 2820 1660 ³
2864 1619 2976 1702 ita,

623 1730 699 1794 ut
743 1748 868 1794 una
915 1729 1138 1794 domus
1184 1748 1288 1794 eos
1333 1749 1462 1795 non
1507 1732 1776 1813 caperet,
1840 1731 1910 1795 in
1958 1730 2228 1815 singulis
2274 1729 2592 1814 parochiis
2639 1728 2981 1810 coeperunt

624 1854 758 1900 esse
803 1834 1053 1917 domus,
1124 1836 1194 1900 in
1240 1836 1472 1921 quibus
1538 1835 2063 1902 Rothmannistae
2111 1837 2210 1902 vel
2253 1836 2617 1902 concionem
2684 1833 2978 1901 audirent

624 1940 724 2006 vel
772 1941 960 2006 certis
1027 1943 1419 2025 temporibus
1487 1944 1972 2028 retingerentur,
2042 1963 2200 2027 quae
2244 1942 2443 2009 nullis
2505 1941 2807 2025 patebant
2852 1937 2980 2004 nisi

625 2048 726 2113 vel
771 2048 1060 2114 retinetis
1106 2050 1208 2114 vel
1251 2049 1363 2130 iis,
1412 2049 1525 2135 qui
1573 2051 1743 2115 certo
1788 2050 2024 2115 indicio
2070 2051 2290 2135 pyloro
2354 2048 2546 2114 fidem
2591 2046 2869 2112 fecerant
2913 2063 2979 2110 se

624 2152 859 2236 retingi
929 2154 1106 2220 velle.
1200 2155 1538 2220 Habebant
1604 2155 1776 2220 enim
1822 2158 1994 2221 certa
2057 2156 2238 2239 signa
2304 2157 2437 2220 tam
2481 2153 2722 2220 vocalia
2789 2170 2980 2235 quam

625 2262 826 2341 muta,
874 2260 1106 2343 quibus
1139 2280 1204 2325 se
1236 2263 1458 2327 mutuo
1505 2261 1574 2325 in
1604 2279 1834 2342 magna
1873 2261 2063 2326 etiam
2109 2261 2440 2326 hominum
2488 2259 2757 2325 colluvie
2786 2277 2978 2341 agno-

629 2366 915 2448 scebant3
964 2385 1122 2449 quae
1155 2367 1211 2431 si
1239 2368 1494 2451 prodita
1521 2368 1790 2451 fuerant,
1841 2368 1962 2433 alia
1995 2368 2316 2451 prioribus
2362 2365 2913 2434 substituebantur
2928 2365 2973 2427 ⁴.

841 2580 883 2648 ¹)
921 2579 1055 2634 Dass
1092 2579 1402 2634 Rothmann
1440 2579 1547 2635 alle
1585 2582 1733 2635 seine
1769 2580 2064 2650 Anhanger
2113 2579 2419 2635 schriftlich
2458 2578 2846 2645 aufzeichnete,
2884 2577 2976 2630 be-

624 2666 828 2721 richtet
863 2667 1003 2721 auch
1055 2667 1283 2722 Bischof
1332 2668 1507 2721 Franz
1561 2669 1619 2721 in
1658 2668 1862 2723 seinem
1917 2668 2211 2723 Schreiben
2266 2685 2337 2722 an
2372 2667 2593 2737 Philipp
2629 2683 2733 2720 von
2769 2665 2978 2719 Hesscn

625 2772 748 2809 vom
783 2756 868 2810 21.
906 2755 1033 2810 Jan.
1075 2756 1211 2809 1534
1249 2773 1346 2811 aus
1382 2757 1644 2811 Liesborn
1685 2757 1857 2826 (Orig.
1893 2759 1971 2810 im
2008 2757 2178 2813 St.-A.
2203 2757 2491 2826 Marburg3
2530 2755 2679 2825 gedr.
2716 2755 2791 2809 M.
2819 2753 2975 2819 G.-Q.

624 2842 704 2911 ΙΙ,
743 2842 846 2897 217
868 2843 924 2912 ᾖ,
961 2861 1040 2897 wo
1071 2843 1273 2913 jedoch
1309 2844 1614 2899 irrtiimlich
1654 2844 1750 2898 der
1786 2845 1872 2900 20.
1910 2844 2036 2901 Jan.
2076 2844 2157 2899 als
2194 2846 2399 2900 Datum
2436 2844 2682 2914 gegeben
2719 2842 2832 2910 ist).

841 2931 885 3001 ²)
924 2933 993 2987 So
1019 2932 1289 2987 berichtet
1325 2932 1465 2987 auch
1501 2933 1571 2987 H.
1599 2932 1952 2988 Gresbeck
1992 2934 2087 3000 (M.
2117 2933 2273 3000 G.-Q.
2311 2933 2390 3001 ΙΙ,
2420 2933 2534 3001 12):
2580 2933 2802 2999 „Dieser
2837 2946 2978 3001 pape

625 3020 984 3088 (Rothmann)
1038 3020 1217 3076 hadde
1252 3021 1341 3076 die
1380 3021 1518 3091 depe
1570 3022 1675 3075 mit
1728 3021 1832 3075 den
1872 3025 2053 3075 ersten
2089 3023 2147 3076 in
2185 3021 2282 3076 der
2318 3021 2470 3075 stadt
2520 3019 2845 3074 heimlicken
2884 3035 2977 3089 ge-

625 3107 826 3162 halden
850 3108 962 3161 und
997 3109 1130 3179 plag
1153 3110 1252 3164 ock
1275 3109 1546 3164 heimlick·
1569 3111 1625 3164 in
1654 3111 1770 3165 sein
1795 3110 1919 3164 huis
1959 3111 2052 3164 tho
2078 3110 2349 3181 predeken
2385 3108 2498 3163 und
2534 3107 2712 3162 hadde
2740 3125 2799 3162 so
2824 3106 2977 3161 voele

624 3196 839 3251 volckcs
875 3196 1198 3251 heimlicken
1225 3198 1461 3268 gedoept
1494 3216 1596 3253 von
1624 3215 1796 3263 mans,
1834 3199 2037 3252 frawen
2061 3199 2173 3253 und
2197 3199 2476 3269 megdcn.“
2519 3195 2814 3267 Klopriss
2851 3198 2979 3266 sagt

625 3301 725 3339 aus
762 3285 838 3354 (J.
864 3285 1161 3339 Niesert:
1201 3285 1349 3341 U.-S.
1387 3284 1436 3338 I.
1473 3285 1528 3341 S.
1560 3284 1710 3354 123):
1755 3286 1929 3352 „Item
1954 3288 2033 3341 sie
2059 3285 2301 3341 deufften
2336 3288 2394 3339 in
2419 3284 2764 3340 Bernhardus
2789 3284 2972 3339 huse.“

841 3373 886 3442 ⁸)
924 3373 1101 3427 Schon
1139 3390 1228 3428 am
1269 3374 1350 3428 13.
1376 3374 1414 3428 J
1416 3391 1501 3428 an.
1541 3373 1643 3428 hat
1678 3373 1793 3428 sich
1830 3374 1971 3428 nach
2010 3376 2159 3428 einer
2182 3373 2671 3443 Randbemerlmng
2706 3374 2764 3426 in
2801 3373 2977 3427 einem

624 3461 866 3517 ‘Vei-hore
919 3460 1182 3516 Johann's
1218 3479 1267 3516 v.
1305 3461 1506 3516 Leiden
1563 3462 1653 3517 die
1697 3461 1829 3516 Zahl
1884 3461 1982 3516 der
2018 3461 2520 3532 Wiedergctauften
2576 3462 2676 3515 auf
2715 3461 2846 3515 1400
2884 3462 2976 3515 be-

624 3548 827 3605 laufen.
903 3549 1063 3604 Siehe
1098 3550 1173 3607 M.
1213 3549 1370 3615 G.-Q.
1408 3549 1487 3619 ΙΙ,
1526 3550 1649 3605 417.

840 3637 887 3707 ⁴)
921 3637 1101 3692 Uebcr
1154 3638 1243 3693 die
1294 3638 1880 3709 Begriissungsformen
1934 3638 2032 3693 der
2067 3636 2467 3693 Wiedcrtaufer
2519 3641 2682 3692 unter
2720 3636 2979 3692 einander

619 3725 846 3797 gesteht
892 3726 1260 3796 Regeward
1315 3726 1392 3796 (J.
1429 3727 1735 3782 Niesert:
1774 3727 1925 3783 U.·S.
1962 3726 2010 3782 1.
2049 3727 2103 3782 S.
2141 3726 2261 3795 26):
2307 3726 2460 3793 „Dan
2495 3742 2616 3780 wan
2653 3742 2819 3796 eyner
2853 3725 2977 3781 dem

625 3814 861 3869 anderen
914 3815 1251 3885 beyegende,
1306 3816 1500 3885 sprack
1537 3815 1604 3870 de
1642 3832 1806 3886 ayne:
1850 3815 2030 3883 „Gods
2066 3814 2217 3869 frede
2255 3832 2318 3884 sy
2354 3817 2473 3884 myt
2499 3815 2636 3884 J‘w;“
2677 3815 2745 3869 de
2782 3815 2974 3869 ander:

629 3903 890 3970 „Amen!“
931 3902 1089 3957 Hebn
1115 3903 1244 3973 syclt
1282 3904 1402 3958 oiclr
1427 3903 1638 3959 namals
1673 3921 1770 3958 vor
1794 3904 1898 3958 den
1935 3906 2094 3957 munt
2128 3902 2326 3973 plegen
2364 3903 2654 3958 t'kusseu.“
2707 3901 2978 3957 Aehnlich

623 3990 803 4046 lautet
857 3990 955 4044 der
987 3990 1213 4045 Bericht
1247 3990 1317 4046 H.
1356 3990 1807 4061 Gresbeck’s‚
1863 3990 1961 4046 der
1995 3992 2126 4046 aber
2161 3990 2309 4046 diese
2342 3990 2447 4045 Art
2498 3990 2594 4046 der
2627 3991 2979 4061 Begrdssung

617 4080 726 4133 auf
756 4079 845 4133 die
868 4080 1207 4151 Begegnung
1231 4078 1328 4135 der
1349 4080 1579 4135 Marmar
1613 4084 1777 4137 unter
1801 4064 2059 4135 einander
2092 4079 2437 4135 beschraulrt.
2472 4080 2570 4136 Ala
2593 4081 2976 4152 Erkennungs-

623 4168 843 4223 zeichen
894 4168 990 4223 dcr
1025 4168 1508 4240 wiedergetauftcn
1544 4170 1761 4225 Frauen
1814 4169 1969 4224 fuhrt
2004 4187 2063 4224 er
2098 4168 2262 4224 deren
2316 4169 2610 4225 besondere
2645 4168 2979 4240 Kopftracht

621 4272 696 4310 an
736 4257 831 4325 (M.
858 4256 1014 4323 G.-Q.
1052 4256 1129 4326 11,
1157 4258 1225 4312 12
1243 4257 1326 4326 f.).
1352 4287 1419 4297 —
1456 4258 1637 4313 Ueber
1671 4257 1871 4313 andere
1905 4256 2433 4313 wiedertauferisehe
2470 4258 2702 4313 Zeichen
2737 4258 2979 4314 bekannt

621 4344 927 4416 Klopriss
973 4345 1050 4416 (J.
1086 4346 1368 4401 Niesert
1403 4346 1608 4403 a.a.O.
1647 4347 1703 4403 S.
1732 4346 1875 4416 111),
1915 4365 1971 4403 es
2012 4344 2225 4415 „wurde
2261 4346 2320 4400 in
2345 4345 2441 4401 der
2463 4349 2580 4402 stat
2601 4346 2850 4402 Munster
2886 4346 2976 4401 ein
