3259 5075
1176 275 1360 341 Anno
1415 276 1585 340 1534
1630 278 1788 341 acta.
2524 275 2656 341 555

299 451 582 537 duasque
625 452 826 518 molas
873 454 1146 518 exurunt
1190 456 1255 517 et
1297 452 1537 517 milites
1584 453 1654 516 in
1694 471 1760 517 se
1806 452 2165 534 provocant,
2214 470 2482 534 quorum
2529 470 2656 517 non

298 577 535 641 paucos
577 560 879 625 mactant.
940 560 1060 625 Die
1091 559 1283 625 etiam
1322 561 1418 624 13.
1454 558 1676 624 Martii
1722 558 1968 623 duobus
2001 556 2426 623 Iudefeldanis
2471 577 2652 642 prae-
2682 579 2748 621 ιε.
2775 574 2941 620 Marx,

301 663 427 728 diis
474 664 543 729 in
589 665 727 748 ipso
773 665 1038 731 meridie
1086 665 1252 730 faces
1297 664 1602 729 iniiciunt
1647 666 1714 730 et
1756 664 1994 729 milites
2049 664 2293 747 aliquot
2338 665 2651 729 sternunt.

298 769 538 836 Verum
584 771 653 836 in
698 771 816 837 hac
848 770 1429 837 conflictatiuncula
1471 769 1741 854 triginta
1769 771 1834 835 et
1879 769 2156 853 quinque
2202 768 2502 852 oppidani
2547 770 2654 834 de-

303 877 681 944 siderantur.
775 880 911 944 Hac
956 879 1170 943 tamen
1216 877 1391 942 clade
1451 897 1575 942 non
1621 876 2009 941 consternati
2055 878 2231 958 sunt,
2305 876 2413 940 sed
2460 875 2655 941 auda—

302 983 500 1050 ciores
547 983 820 1051 *redditi
872 986 971 1051 14.
1003 984 1225 1051 Martii
1269 983 1435 1049 circa
1484 984 1703 1048 horam
1741 982 2051 1048 decimam
2094 983 2655 1048 antemeridianam
2692 984 2791 1055 “p-
2826 983 2962 1039 472.

302 1089 636 1174 quingenti
666 1090 968 1173 oppidani
997 1089 1297 1155 audacius
1328 1109 1518 1173 quam
1565 1088 1940 1172 prudentius
1973 1091 2369 1171 erumpentes
2401 1089 2653 1154 Potter-
2681 1075 2748 1117 ¹⁴·
2777 1072 2936 1115 ’ὥτ’

302 1195 567 1261 husium
611 1217 756 1262 cum
817 1196 1116 1262 lateritiis
1161 1196 1393 1261 casulis
1440 1196 1857 1260 concremant.
1952 1196 2070 1261 Sed
2118 1195 2190 1259 hi
2234 1196 2313 1259 ab
2360 1194 2654 1260 hostibus

300 1302 677 1386 agminatim
706 1303 986 1388 undique
1016 1303 1462 1386 ingruentibus
1508 1302 1963 1385 propemodum
1989 1301 2261 1367 fuissent
2298 1301 2651 1384 intercepti,

302 1407 432 1472 nisi
477 1428 590 1492 per
619 1409 790 1474 viam
835 1409 1272 1475 obsidentibus
1319 1409 1707 1492 incognitam
1753 1408 2100 1473 incolumes
2146 1409 2227 1473 ad
2256 1409 2480 1472 urbem
2512 1427 2656 1472 eva-

303 1513 553 1581 sissent.
630 1516 808 1582 Inter
853 1516 1228 1582 elabendum
1274 1516 1557 1581 hostium
1604 1516 2059 1599 tympanistam
2106 1514 2367 1598 capiunt
2411 1533 2655 1578 secum-

303 1640 424 1706 que
471 1622 814 1705 abducunt‚
864 1624 1045 1688 cuius
1093 1624 1286 1705 caput
1331 1642 1367 1687 a
1413 1622 1652 1687 cervice
1696 1622 2051 1705 praecisum
2097 1640 2243 1686 cum
2287 1623 2589 1703 tympano
2623 1639 2656 1685 e

303 1746 551 1794 summo
596 1729 1141 1814 Bischopinganae
1186 1731 1403 1812 portae
1433 1728 1710 1794 culmine
1758 1729 1824 1794 in
1871 1732 2171 1794 terrorem
2217 1727 2500 1792 hostium
2547 1745 2655 1789 su-

302 1853 602 1917 spensum
646 1837 762 1900 est.

518 1941 691 2006 Dum
736 1942 887 2007 baec
934 1942 1212 2026 aguntur
1230 1943 1270 2023 ¹,
1319 1941 1689 2007 Eberwinus
1719 1942 1963 2023 Droste‚
2010 1940 2434 2006 Theodoricus
2464 1938 2656 2003 Mun-

305 2046 602 2129 sterman‚
650 2048 1065 2113 Wilbrandus
1110 2049 1382 2131 PlonieS,
1453 2050 1853 2114 Hermannus
1901 2046 2332 2113 Schenckinck
2376 2065 2447 2110 ac
2493 2046 2655 2110 Her-

302 2169 574 2216 mannus
606 2153 869 2236 Heerde,
918 2154 1042 2218 viri
1073 2154 1277 2219 avitae
1308 2154 1457 2219 fidei
1487 2157 1552 2220 et
1595 2154 1953 2238 probitatis,
2004 2173 2149 2219 cum
2180 2154 2387 2218 essent
2418 2152 2666 2216 civium·

302 2277 617 2340 proceres,
683 2259 967 2325 concives
1029 2279 1173 2325 suos
1221 2263 1298 2326 ab
1347 2260 1763 2343 anabaptistis
1809 2263 1966 2325 urbe
2012 2261 2226 2344 pulsos
2273 2258 2540 2323 diversis
2586 2258 2655 2322 in

301 2363 461 2429 locis
507 2365 830 2431 exulantes
877 2386 989 2450 per
1036 2368 1272 2450 scripta
1315 2368 1667 2451 Telgetum,
1716 2367 1830 2431 ubi
1875 2370 1939 2432 et
1983 2368 2274 2450 princeps
2306 2368 2458 2447 erat,
2508 2385 2655 2430 con-

302 2472 533 2536 vocant
576 2471 793 2556 ibique
841 2472 915 2538 de
958 2475 1142 2539 rebus
1190 2473 1322 2539 suis
1369 2473 1448 2538 ad
1493 2473 1854 2539 libertatem
1901 2473 2156 2539 civilem
2199 2471 2656 2557 privilegiaque

302 2577 486 2642 urbis
532 2579 995 2661 pertinentibus
1041 2581 1404 2645 consultant
1449 2583 1513 2646 et
1557 2581 1994 2663 praesentibus
2040 2581 2313 2645 dominis
2361 2580 2437 2644 de
2484 2578 2656 2662 capi-

302 2683 443 2748 tulo
490 2684 551 2748 9.
584 2685 804 2750 Martii
846 2685 1201 2768 principem
1245 2685 1347 2751 his
1377 2687 1585 2751 verbis
1632 2686 2035 2751 adoriuntur:
2083 2686 2243 2752 Cum
2290 2686 2425 2751 sine
2457 2685 2649 2750 dubio
2679 2715 2722 2756 9.
2750 2711 2916 2756 um-

304 2788 584 2873 principi
615 2791 983 2874 innotuerit,
1011 2811 1200 2875 quam
1223 2792 1690 2873 miserabiliter,
1718 2793 2059 2858 crudeliter
2080 2795 2144 2858 et
2168 2794 2387 2857 contra
2408 2811 2655 2857 omnem

304 2895 767 2962 humanitatem
813 2900 980 2964 cives
1013 2899 1522 2964 Monasteriensis
1568 2899 1747 2964 urbis
1788 2919 1935 2964 cum
1980 2900 2280 2964 uxoribus
2327 2900 2390 2963 et
2434 2897 2654 2963 liberis

306 3002 600 3068 omnibus
671 3004 803 3069 suis
849 3005 1032 3070 bonis
1096 3025 1210 3088 per
1252 3005 1385 3070 vim
1453 3006 1625 3070 exuti
1672 3008 1737 3071 et
1782 3005 2038 3088 spoliati
2104 3005 2331 3088 patriis
2399 3003 2655 3069 sedibus

306 3107 440 3173 sint
484 3109 670 3174 eiecti
700 3113 782 3192 et,
832 3130 911 3175 ne
943 3131 1007 3177 se
1037 3111 1400 3176 foedissima
1443 3111 1687 3176 haeresi
1725 3111 2227 3176 contaminarent
2271 3109 2656 3193 principem-

305 3304 392 3358 bei
432 3303 614 3359 Kerss.
674 3305 918 3375 Erganzt
950 3304 1084 3358 wird
1122 3305 1237 3359 sein
1261 3304 1488 3359 Bericht
1523 3304 1693 3358 durch
1718 3304 1822 3358 den
1859 3304 1928 3358 H.
1957 3303 2375 3358 Gresbeck's
2412 3303 2467 3358 S.
2493 3303 2655 3371 50ff„

306 3390 405 3446 der
438 3393 527 3447 bei
564 3392 741 3448 dieser
778 3393 1137 3464 Gelegenheit
1190 3393 1295 3447 den
1332 3393 1767 3448 Wiedertssufern
1820 3392 1917 3446 das
1956 3392 2188 3462 Zeugnis
2243 3391 2522 3459 ausstellt,
2577 3393 2657 3446 sie

305 3484 487 3534 wuren
528 3480 684 3547 „sehr
718 3481 896 3535 konne
950 3482 1054 3534 mit
1094 3480 1434 3551 schutgefert
1487 3480 1583 3535 tho
1621 3479 1846 3548 holden,
1900 3480 2001 3534 wie
2038 3479 2136 3534 dat
2171 3481 2250 3534 sie
2305 3481 2427 3534 dem
2464 3480 2657 3551 kreigh

304 3568 519 3622 hedden
556 3568 771 3640 gefolgt
816 3568 1081 3640 twentigh
1118 3570 1223 3623 iair
1254 3569 1442 3639 langk,
1498 3570 1608 3623 und
1646 3569 1700 3623 al
1737 3569 1835 3622 dat
1871 3570 1950 3622 sie
1987 3568 2178 3637 deden,
2234 3569 2332 3623 dat
2367 3569 2541 3624 deden
2578 3570 2657 3624 sie

305 3658 412 3711 mit
446 3657 745 3712 kloickheit
779 3658 891 3712 und
929 3659 1032 3711 mit
1067 3658 1456 3727 behendigheit
1490 3658 1603 3711 und
1640 3658 1743 3711 mit
1777 3656 2094 3711 nuchterern
2131 3658 2301 3711 sinne.
2348 3657 2542 3712 Wante
2567 3657 2656 3711 die

303 3747 623 3818 propheten,
661 3747 1013 3817 predicanten
1048 3747 1162 3801 und
1197 3751 1444 3801 oversten
1480 3748 1537 3800 in
1562 3746 1659 3801 der
1695 3750 1824 3815 stat,
1862 3745 1950 3799 die
1986 3745 2197 3800 hebben
2233 3762 2292 3800 so
2319 3746 2658 3816 scharpelich

303 3835 593 3904 verboden,
630 3836 727 3890 dat
760 3837 1033 3890 niemantz
1071 3852 1130 3890 so
1167 3835 1305 3889 koen
1342 3851 1410 3889 en
1445 3852 1554 3889 wer
1588 3836 1648 3889 in
1684 3834 1782 3889 der
1816 3837 1945 3903 stat,
1983 3834 2080 3889 der
2114 3834 2232 3889 sich
2266 3833 2349 3889 sol
2385 3834 2474 3888 vol
2509 3834 2656 3889 drin-

305 3925 461 3994 cken,
516 3941 588 3995 up
626 3924 725 3979 dat
760 3927 839 3979 sie
877 3924 932 3978 al
967 3925 1057 3979 bei
1093 3926 1209 3978 iren
1247 3925 1438 3978 sinnen
1493 3923 1682 3978 solden
1729 3923 1913 3978 bliven
1951 3962 1963 3975 .
1988 3962 2000 3974 .
2025 3943 2061 3989 .;
2116 3922 2229 3976 und
2264 3939 2384 3976 wan
2439 3925 2518 3977 sie
2556 3923 2656 3978 uth

304 4017 526 4083 tuegen,
564 4012 662 4067 dat
685 4012 858 4067 deden
898 4013 976 4067 sie
999 4013 1104 4066 mit
1126 4011 1396 4067 weissheit
1430 4012 1543 4065 und
1567 4013 1672 4066 mit
1693 4011 2166 4080 behendigkheit.“
2211 4010 2366 4064 Auch
2390 4011 2458 4066 D.
2482 4011 2657 4066 Lilie

304 4101 362 4157 S.
401 4102 507 4155 230
542 4101 731 4173 bringt
764 4101 855 4155 die
890 4100 1136 4155 Ausfalle
1173 4117 1271 4155 aus
1306 4101 1555 4155 Miinster
1588 4102 1694 4155 mit
1728 4100 1824 4154 der
1858 4100 2114 4170 haufigen
2152 4099 2528 4155 Trunkenheit
2561 4100 2658 4154 der

302 4190 720 4245 Landslmechte
774 4207 871 4244 vor
906 4189 1002 4244 der
1038 4189 1202 4244 Stadt
1254 4191 1311 4243 in
1350 4189 1843 4259 Zusammenhang,
1903 4192 2082 4255 „want
2117 4205 2175 4243 se
2209 4205 2314 4243 van
2349 4189 2551 4244 binnen
2596 4190 2656 4244 in

302 4278 445 4334 aller
480 4277 755 4333 soberheit
789 4277 1061 4333 leveden.“

524 4369 567 4438 ¹)
602 4369 716 4424 Das
753 4369 1032 4440 Folgende
1066 4370 1142 4423 ist
1178 4385 1282 4423 nur
1316 4366 1486 4423 durch
1522 4369 1706 4423 Kerss.
1742 4366 2074 4422 fiberliefert.
