3259 5075
663 274 792 337 608
1525 273 1708 338 Anno
1764 273 1933 338 1534
1978 275 2134 339 acta.

374 467 470 538 *μ
509 467 632 524 506.
659 467 853 515 annos
901 451 1148 531 natum,
1199 448 1343 514 *cui
1390 450 1550 514 citra
1619 470 1878 515 suorum
1924 450 2263 515 arbitrium
2334 451 2651 534 nupserit,
2701 453 3023 537 evangelii

330 3537 446 3593 (19.)
472 3535 609 3584 Juni.

657 575 847 621 causa
899 556 1350 621 Monasterium
1419 556 1774 638 profectum
1844 558 2124 621 secutam
2170 576 2321 622 esse.
2415 558 2601 623 Nunc
2649 579 2814 641 vero,
2868 579 3020 624 cum

658 681 723 726 se
768 662 928 726 falsa
978 663 1234 745 pietatis
1283 664 1348 727 et
1393 662 1714 745 religionis
1786 663 1991 745 specie
2053 662 2258 746 decipi
2308 666 2371 727 et
2416 664 2687 729 assiduis
2749 666 2817 729 in
2864 685 3015 730 con-

654 769 926 851 gerenda
992 771 1161 833 terra
1226 769 1551 833 laboribus
1617 769 1687 834 in
1755 769 2011 834 civitate
2098 769 2430 853 defatigari
2499 770 3024 835 animadverterit

653 893 872 958 neque,
922 894 1110 958 quem
1155 875 1303 940 inde
1347 875 1602 940 tandem
1650 875 1931 939 fructum
1977 874 2278 939 habitura
2323 876 2436 956 sit,
2485 874 2895 955 intellexerit,
2947 896 3016 940 se

652 981 1189 1046 marito-iubente
1235 982 1392 1045 urbe
1439 981 1791 1063 excessisse,
1841 1001 1952 1064 pro
2001 1001 2123 1065 quo
2170 982 2362 1046 etiam
2411 983 2715 1064 tanquam
2755 980 3015 1046 innoxio

653 1089 718 1152 et
761 1087 1069 1170 principis
1103 1088 1502 1152 commodum
1548 1106 1620 1151 ex
1652 1087 1861 1152 animo
1909 1090 2242 1171 quaerente
2288 1090 2501 1153 tutum
2537 1087 2802 1152 exeundi
2838 1107 3013 1153 com-

651 1196 932 1259 meatum
981 1213 1044 1258 se
1077 1194 1556 1276 impetraturam
1603 1213 1730 1258 non
1762 1194 2061 1278 ambigat,
2111 1195 2379 1259 maxime
2414 1195 2465 1259 si
2500 1194 2804 1259 salutaria
2849 1194 3014 1258 civi-

651 1299 804 1365 tatis
851 1299 1193 1382 potiundae
1240 1300 1505 1365 consilia
1549 1300 1879 1366 admiserit
1924 1321 2109 1385 seque
2150 1320 2357 1365 coram
2405 1301 2743 1365 clementer
2788 1300 3013 1365 andire

650 1406 948 1489 dignatus
995 1405 1206 1470 fuerit.
1274 1405 1350 1470 Se
1381 1404 1648 1470 candido
1687 1405 1811 1470 isto
1843 1425 2120 1487 munere,
2171 1406 2291 1471 etsi
2336 1406 2670 1490 perexiguo
2717 1408 2783 1471 et
2824 1407 3010 1489 prin-

650 1511 789 1594 cipe
834 1510 1117 1594 indigno,
1165 1511 1496 1576 candorem
1529 1511 1727 1575 animi
1759 1515 1823 1577 et
1867 1532 2170 1576 manuum
2203 1532 2461 1578 suarum
2506 1513 3008 1595 experimentum

648 1617 1124 1684 declaraturam.
1174 1618 1272 1682 Ad
1306 1618 1613 1702 principis
1646 1619 2032 1702 colloquium
2064 1639 2128 1684 se
2153 1619 2377 1683 saltem
2409 1618 2665 1683 admitti
2699 1620 3005 1701 postulat,

649 1724 702 1789 si
751 1724 884 1789 sine
930 1725 1207 1807 vulnere,
1259 1725 1393 1789 sine
1441 1725 1763 1808 sanguine,
1814 1725 1949 1790 sine
1988 1725 2270 1790 militum
2318 1743 2577 1790 suorum
2623 1724 2800 1790 clade
2847 1725 3007 1790 urbe

647 1830 844 1913 potiri
891 1830 1290 1895 contendant.
1384 1830 1691 1894 Maritum
1739 1850 1925 1896 suum
1970 1830 2140 1895 inter
2202 1850 2487 1912 proceres
2535 1831 2815 1897 civitatis
2863 1851 3002 1896 ver-

649 1936 774 2001 sari
794 1939 837 2017 ¹,
886 1936 1271 2019 quotidianis
1304 1935 1587 2001 consiliis
1635 1936 1955 2018 interesse,
2005 1956 2230 2002 arcana
2265 1935 2481 2001 audire
2513 1939 2577 2002 et
2621 1937 3004 2021 intelligere,

647 2041 814 2106 unde
862 2043 1097 2105 certam
1141 2041 1320 2106 urbis
1383 2041 1729 2124 potiundae
1770 2041 2081 2107 rationem
2127 2042 2295 2125 apud
2343 2062 2406 2107 se
2454 2044 2824 2126 conceperit.
2919 2044 3009 2108 Et

646 2166 792 2211 cum
837 2166 959 2211 non
1008 2149 1141 2212 tam
1187 2166 1419 2212 munus
1466 2167 1658 2232 quam
1704 2150 2070 2214 ornamenta
2115 2149 2416 2232 corporiS,
2485 2149 2717 2232 quibus
2763 2149 3005 2215 formae

643 2254 916 2319 nitorem
948 2255 1219 2335 auxerat,
1270 2256 1554 2338 satrapae
1588 2258 1880 2337 suspecta
1911 2275 2042 2320 esse
2074 2256 2441 2338 coepissent,
2479 2275 2595 2320 cur
2624 2256 2717 2321 ita
2748 2259 3005 2339 compta

643 2359 891 2439 exisset,
938 2359 1228 2442 inquirit.
1321 2361 1409 2424 At
1453 2361 1566 2425 illa
1609 2360 1979 2443 respondet:
2046 2381 2110 2427 se
2157 2362 2474 2427 occasione
2522 2361 2888 2427 solitudinis
2936 2365 3005 2427 et

640 2465 859 2531 mariti
904 2465 969 2529 in
1018 2484 1091 2530 ea
1134 2469 1314 2549 parte
1359 2467 1538 2532 urbis
1585 2468 1840 2552 vigilias
1910 2468 2202 2533 habentis
2250 2467 2511 2533 consilio
2558 2468 3004 2553 praesidioque

642 2574 925 2638 adiutam
973 2573 1183 2638 omnia
1227 2573 1352 2638 ista
1398 2575 1650 2640 sublata
1710 2576 1835 2640 sibi
1881 2575 2209 2640 reditionis
2257 2595 2366 2658 spe
2414 2595 2627 2640 secum
2673 2575 2997 2640 extulisse.

640 2679 989 2745 Persuadet
1031 2679 1185 2744 haec
1232 2682 1546 2764 satrapae3
1596 2684 1662 2746 et
1704 2700 1929 2764 parum
1978 2681 2202 2763 abfuit,
2252 2682 2407 2765 quin
2442 2702 2581 2748 eam
2628 2682 2703 2747 ad
2754 2683 3000 2765 episco-

641 2805 798 2869 pum
829 2785 1347 2869 transmisissent,
1397 2786 1522 2850 nisi
1565 2787 1966 2851 Hermannus
1996 2787 2276 2869 Ramers,
2327 2788 2485 2852 civis
2514 2788 2834 2868 honestuS,
2887 2788 3001 2871 qui

641 2891 1135 2974 anabaptisticae
1180 2891 1444 2957 factioni
1489 2892 1752 2957 minime
1798 2892 2107 2974 addictus,
2164 2892 2274 2957 sed
2318 2895 2393 2958 ut
2439 2913 2710 2976 uxorem,
2758 2893 2998 2958 liberos

642 2999 707 3061 et
750 2997 915 3062 bona
982 3016 1096 3062 sua
1153 3017 1446 3081 praesens
1494 3017 1529 3062 a
1575 2998 1989 3063 retinctorum
2058 2999 2281 3081 rapina
2349 3001 2650 3079 tueretur,
2721 2998 2790 3064 in
2836 3000 2999 3064 urbe

639 3105 986 3185 manserat,
1035 3122 1180 3168 cum
1227 3103 1450 3168 Iudith
1500 3106 1897 3187 personatam
1965 3104 2382 3169 interemendi
2447 3106 2800 3188 principem
2843 3124 2997 3170 con-

640 3208 785 3274 silio
842 3209 1106 3274 exivisse
1173 3210 1559 3293 intelligeret
1627 3212 1730 3295 (ea
1776 3210 1945 3275 enim
2003 3211 2172 3276 fama
2238 3231 2350 3294 per
2395 3210 2724 3276 hominnm
2770 3230 2880 3276 ora
2922 3212 2999 3276 in

637 3314 796 3378 urbe
830 3315 1146 3398 vagatur),
1197 3316 1487 3381 omnibus
1533 3316 1706 3381 intra
1744 3336 1956 3382 muros
1987 3316 2226 3382 relictis
2273 3319 2338 3382 et
2382 3317 2579 3383 solius
2627 3316 2997 3382 liberationi

633 3419 947 3503 principis
1017 3420 1299 3486 intentus
1359 3422 1427 3486 in
1475 3442 1796 3487 summum
1857 3442 1922 3488 se
1976 3423 2143 3488 vitae
2212 3423 2550 3489 discrimen
2617 3423 2881 3489 coniicit
2926 3427 2998 3489 et

638 3527 924 3609 quaesita
970 3527 1095 3592 sibi
1125 3528 1450 3593 commoda
1496 3529 1817 3594 occasione
1869 3531 1969 3595 18.
2004 3529 2107 3594 die
2145 3524 2318 3594 Iunii
2339 3531 2365 3569 ²
2408 3532 2565 3595 urbe
2610 3531 2863 3613 elapsus
2909 3531 2996 3594 ab

852 3809 895 3873 ¹)
937 3809 1042 3875 „Er
1077 3810 1244 3863 Mann
1282 3827 1344 3880 sy
1381 3814 1498 3880 myt
1552 3811 1736 3865 Heren
1769 3811 1984 3865 Bernde
2021 3810 2134 3864 und
2168 3811 2651 3882 Knipperdollinck
2706 3830 2797 3883 ym
2834 3813 2997 3868 raide

633 3898 885 3968 gewest‚“
925 3897 1164 3953 bekennt
1199 3898 1374 3967 Hille,
1434 3916 1526 3965 „ze
1562 3899 1738 3953 hebbe
1775 3917 1929 3954 avers
1981 3917 2048 3954 an
2086 3899 2190 3955 den
2226 3900 2353 3955 wall
2389 3899 2503 3954 und
2538 3900 2749 3968 andere,
2805 3901 2995 3970 gelich

632 3985 870 4041 anderen
906 3986 1169 4056 megeden
1208 3987 1318 4041 und
1356 3987 1868 4058 frouwespersonen,
1907 3988 2271 4058 gearbeidetf‘

848 4073 893 4143 ⁹)
929 4074 984 4127 N
986 4075 1087 4130 ach
1143 4076 1318 4130 einem
1374 4075 1555 4146 gleich
1608 4077 1797 4131 weiter
1849 4080 2020 4131 unten
2074 4076 2215 4131 auch
2264 4094 2368 4131 von
2404 4077 2586 4133 Kerss.
2625 4038 2997 4148 angefiihrtcn

631 4163 926 4219 Schreiben
963 4165 1057 4219 des
1105 4165 1163 4218 in
1206 4164 1454 4220 Miinster
1506 4166 1847 4236 gcfangenen
1900 4166 2342 4221 Landsknechtes
2397 4166 2603 4237 Caspar
2644 4166 2997 4222 Marschalck

630 4266 703 4307 an
739 4253 888 4307 scine
925 4252 1200 4307 Genossen
1238 4272 1334 4309 vor
1367 4255 1615 4309 Miinster
1652 4256 1750 4323 (M.
1790 4255 1948 4322 G.·Q.
1984 4254 2064 4324 11,
2101 4254 2290 4323 2541.)
2328 4273 2417 4310 am
2458 4258 2540 4310 19.
2577 4256 2729 4312 Juni.
2802 4256 2992 4313 Herm.

628 4338 856 4395 Ramert
874 4357 986 4395 war
1003 4344 1165 4395 unter
1183 4341 1279 4397 der
1298 4343 1430 4397 zahl
1456 4343 1569 4413 derj
1577 4345 1789 4413 enigen,
1815 4343 1904 4398 die
1924 4361 2012 4398 am
2030 4345 2118 4397 26.
2137 4343 2252 4397 Mai
2282 4344 2413 4398 1525
2432 4360 2552 4397 vom
2572 4345 2993 4401 Miinsterschen
