3259 5075
1156 297 1341 363 Anno
1395 299 1565 362 1534
1609 300 1767 363 acta.
2502 297 2639 360 605

271 474 541 539 meridie
601 474 813 540 hostes
860 475 1017 539 bene
1061 476 1241 557 potos
1289 474 1356 538 in
1404 493 1469 539 se
1514 474 1922 556 provocabat,
1973 473 2099 556 qui,
2150 492 2294 537 cum
2350 475 2507 556 potu
2553 473 2635 537 ad

273 580 782 662 persequendum
851 580 1097 644 hostem
1163 578 1525 643 audaciores
1585 578 1998 644 redderentur
2041 581 2106 644 et
2162 579 2641 661 imprudentius

272 687 556 768 agerent,
606 705 643 750 a
672 685 1020 768 Buxtorpio
1067 685 1277 750 sobrio
1325 686 1787 750 sternebantur.
1857 685 1990 750 Nec
2034 685 2242 749 ullum
2288 685 2635 751 intermisit

273 791 408 856 fere
454 792 651 873 diem,
724 791 883 875 quin
928 792 1172 874 aliquot
1238 791 1475 856 milites
1521 791 1939 875 transfigeret.
2034 790 2161 856 Ubi
2206 810 2349 856 vero
2397 791 2633 856 multos

274 897 346 962 in
395 918 461 963 se
506 899 820 963 irruentes
866 899 1162 980 cerneret,
1213 917 1326 981 per
1369 897 1792 963 clandestinos
1838 900 2081 963 meatus
2127 898 2385 980 viasque
2431 898 2632 963 hosti-

272 1007 399 1070 bus
444 1006 693 1089 ignotas
740 1025 873 1070 sese
904 1005 1208 1070 subduxit
1253 1007 1316 1070 et
1359 1003 1715 1087 periculum
1762 1005 1977 1070 evasit.
2043 1004 2210 1069 Hinc
2256 1005 2632 1070 bombardae

272 1112 524 1196 aliquot
552 1112 819 1176 maiores
867 1112 935 1176 in
967 1131 1113 1176 eum
1151 1113 1380 1194 locum,
1430 1131 1553 1195 quo
1598 1114 1916 1194 prostrata
1944 1111 2246 1177 cadavera
2289 1114 2630 1194 iacuerant,

274 1218 725 1301 disponuntur,
776 1219 1006 1302 quibus
1039 1218 1278 1283 milites
1310 1218 1681 1286 cadaverum
1724 1219 2082 1301 sepulturae
2128 1237 2380 1301 operam
2411 1217 2637 1283 dantes

274 1324 716 1406 imprudentes
763 1324 1193 1389 traiiciuntur.

493 1431 637 1495 Nux
696 1431 889 1495 etiam
957 1431 1084 1495 fuit
1151 1430 1327 1495 iuxta
1394 1450 1651 1495 murum
1711 1430 1779 1494 in
1840 1429 2117 1513 pomerio
2186 1430 2355 1495 inter
2420 1432 2635 1512 portas

271 1536 710 1602 Horsthanam
757 1539 820 1602 et
865 1537 1316 1602 Mauritianam
1363 1536 1676 1602 altissima
1720 1536 2000 1620 undique
2047 1535 2256 1600 densis
2301 1536 2633 1601 frondibus

276 1642 904 1726 dependentibusque
948 1643 1119 1708 foliis
1166 1645 1353 1724 tecta,
1402 1643 1473 1707 in
1516 1643 1700 1707 cuius
1749 1643 1939 1707 ramis
1986 1643 2372 1707 firmioribus
2418 1662 2490 1707 ex
2535 1643 2632 1707 ta-

276 1748 453 1814 bulis
513 1749 791 1814 roboreis
837 1750 914 1815 fit
973 1749 1469 1830 receptaculum,
1539 1748 1709 1813 unde
1773 1748 2038 1831 plurimi
2103 1747 2340 1813 milites
2409 1748 2632 1813 iaculis

276 1854 612 1919 transfossi
678 1855 1131 1920 exanimantur.
1225 1852 1429 1932 Quam
1497 1854 1786 1919 fraudem
1846 1854 2028 1920 miles
2089 1853 2460 1938 aliquandiu
2508 1873 2633 1919 non

279 1960 747 2044 animadvertit,
796 1981 943 2026 cum
980 1962 1195 2026 fumus
1241 1961 1691 2026 tormentarius
1739 1961 1816 2026 ob
1863 1960 2161 2026 foliorum
2206 1979 2276 2026 ac
2306 1959 2633 2025 frondium

279 2065 658 2132 densitatem
703 2068 915 2133 subito
962 2068 1207 2132 evolare
1252 2087 1377 2132 non
1421 2069 1628 2150 queat.
1693 2067 1976 2132 Tandem
2021 2068 2231 2132 tamen
2277 2066 2631 2131 accuratius

279 2171 680 2238 intuentibus
727 2173 911 2239 dolus
955 2174 1266 2258 proditur.
1360 2174 1708 2239 Maioribus
1776 2174 1992 2258 itaque
2036 2172 2398 2238 bombardis
2456 2173 2631 2237 iacu-

277 2277 447 2343 lator
489 2278 611 2343 iste
670 2280 932 2345 Ioannes
979 2280 1298 2345 Nochleus
1345 2279 1607 2344 claudus
1654 2280 1750 2344 ita
1794 2299 1940 2344 cum
2000 2280 2471 2363 propugnaculo
2519 2297 2631 2344 suo

279 2383 678 2468 deturbatur,
728 2389 804 2451 ut
847 2388 1063 2469 postea
1109 2406 1234 2452 non
1280 2387 1660 2469 apparuerit.

496 2491 638 2558 Non
684 2493 889 2558 solum
920 2495 1133 2559 autem
1163 2493 1289 2559 viri
1333 2493 1402 2557 in
1448 2492 1791 2577 perniciem
1823 2491 2250 2559 obsidentium
2279 2493 2346 2557 et
2376 2509 2632 2557 suorum

276 2598 584 2681 hostium,
633 2618 854 2665 verum
884 2599 1075 2664 etiam
1118 2599 1417 2664 mulieres
1449 2598 1653 2663 varias
1698 2597 1951 2663 fraudes
1987 2600 2050 2663 et
2096 2597 2632 2664 circumveniendi

278 2704 457 2770 dolos
503 2706 1085 2771 comminiscuntur.
1149 2705 1313 2770 Nam
1342 2706 1536 2786 Hilla,
1571 2704 1904 2770 Pheiconis
1936 2702 2091 2786 filia,
2124 2703 2336 2785 Verdi,
2372 2704 2442 2768 in
2471 2722 2631 2787 pago

277 2829 407 2875 non
451 2810 719 2894 ignobili
775 2812 941 2876 inter
968 2810 1357 2876 Lewardiam
1401 2813 1466 2875 et
1510 2810 1790 2892 Snecam,
1840 2811 1989 2875 nata
2009 2812 2049 2891 ¹,
2099 2809 2329 2873 mulier
2366 2809 2631 2874 'eximia
2656 2822 2685 2852 ⁸
2701 2839 2754 2894 p.
2791 2822 2919 2880 505.

277 2917 761 3000 pulchritudine
808 2919 872 2984 et
916 2917 1182 3001 placidis
1229 2917 1508 2982 moribus
1531 2918 1572 2998 ²,
1645 2935 1791 2980 cum
1836 2916 1998 2981 forte
2043 2913 2326 2981 audisset
2368 2914 2438 2979 in
2483 2934 2630 2979 con-

279 3023 460 3087 cione
507 3024 763 3106 publica
806 3023 1027 3089 Iudith
1073 3023 1275 3088 occiso
1333 3022 1735 3105 Holopherne
1779 3022 2128 3103 Betuliam‚
2198 3021 2631 3086 Israelitarum

280 3128 606 3211 oppidum,
654 3130 734 3194 ab
768 3128 1091 3194 obsidione
1130 3129 1450 3209 liberasse,
1496 3147 1728 3211 magna
1757 3127 1837 3193 ad
1868 3127 2075 3193 simile
2120 3126 2362 3192 facinus
2409 3147 2630 3211 perpe-

280 3233 585 3299 trandum
628 3234 1062 3299 inflammatur
1106 3234 1473 3318 cupiditate,
1522 3236 1711 3318 atque
1757 3234 1948 3299 huius
1995 3233 2084 3298 rei
2133 3233 2432 3317 cogitatio
2479 3233 2631 3300 adeo

281 3338 353 3403 in
397 3342 620 3423 pectus
665 3340 955 3405 mulieris
1003 3339 1352 3422 descendit,
1420 3339 1571 3405 adeo
1617 3339 1861 3405 radices
1906 3338 1975 3403 in
2020 3358 2093 3404 ea
2138 3339 2299 3422 agit,
2348 3341 2425 3404 ut
2467 3339 2631 3404 nihil

282 3444 460 3510 aliud
508 3449 571 3510 et
616 3448 808 3511 noctu
857 3447 921 3510 et
964 3444 1247 3510 interdiu
1292 3446 1588 3530 agitaret,
1650 3446 1778 3511 imo
1823 3445 1993 3510 nihil
2037 3445 2215 3510 aliud
2273 3446 2628 3528 somniaret,

280 3571 473 3637 quam
520 3556 788 3618 mortem
833 3553 1140 3636 principis
1181 3555 1247 3618 et
1290 3552 1728 3618 liberationem
1761 3552 1939 3617 urbis
1958 3553 2002 3635 ⁸,
2052 3573 2252 3637 neque
2296 3553 2364 3617 in
2398 3571 2463 3618 se
2494 3572 2632 3617 eam

502 3766 544 3833 ¹)
582 3765 684 3820 Die
719 3764 985 3836 Angaben
1039 3765 1331 3820 entnimmt
1364 3764 1546 3820 Kerss.
1583 3763 1688 3819 den
1728 3763 2151 3819 Gestandnissen
2199 3763 2349 3819 Hille
2383 3764 2633 3819 Feiken’s

278 3870 404 3908 vom
441 3854 526 3907 26.
565 3852 699 3907 Juni
738 3853 984 3923 (abgedr.
1019 3853 1106 3908 bei
1145 3851 1199 3908 J.
1235 3853 1289 3906 N
1300 3854 1537 3907 iesert:
1577 3852 1728 3907 U.-S.
1766 3852 1814 3908 Ι.
1852 3852 1908 3908 S.
1943 3852 2133 3921 4011).

498 3939 544 4010 ²)
592 3942 662 3997 H.
702 3941 1055 3997 Gresbeck
1112 3941 1166 3997 S.
1203 3941 1272 3995 46
1328 3945 1456 4012 sagt
1503 3958 1609 3996 von
1657 3940 1761 4009 ihr,
1816 3941 1896 3996 sie
1934 3957 2076 4008 „was
2128 3940 2270 3995 noch
2325 3942 2413 3995 ein
2466 3940 2630 3995 iunck

278 4030 590 4086 sonderlich
630 4032 865 4087 koennes
903 4032 1171 4087 mensch.“

497 4119 543 4188 ⁸)
580 4121 693 4174 Aus
732 4120 853 4175 dem
878 4120 1274 4174 Bekenntnisse
1306 4119 1501 4174 Hille’s
1535 4135 1660 4174 vom
1685 4119 1770 4174 27.
1795 4119 1929 4173 Juni
1971 4120 2033 4187 (s.
2059 4119 2112 4174 J.
2138 4119 2193 4172 N
2208 4121 2422 4174 iesert
2445 4119 2630 4175 a.a.0.

278 4208 337 4264 S.
373 4208 489 4278 44),
544 4211 603 4262 in
639 4209 762 4263 dem
799 4226 856 4263 es
892 4209 1086 4263 heisst:
1130 4208 1304 4275 „Item
1341 4225 1401 4262 ze
1437 4208 1611 4262 hebbe
1650 4207 1788 4262 dach
1824 4207 1956 4263 ader
1991 4209 2158 4263 nacht
2194 4226 2304 4279 gyn
2340 4213 2458 4263 rast
2492 4208 2632 4264 noch

274 4314 461 4352 rouvre
498 4298 712 4351 konnen
748 4297 891 4351 hebn
927 4296 1039 4351 und
1075 4313 1142 4367 ay
1164 4314 1236 4367 yn
1265 4313 1390 4351 eren
1425 4296 1680 4368 gemothe
1717 4312 1777 4350 so
1800 4295 2103 4351 velveldich
2137 4298 2366 4352 beswert
2398 4297 2636 4367 worden,

275 4385 486 4456 Judytz
524 4386 667 4441 werk
704 4386 887 4441 t’doen
924 4425 972 4440 ..
993 4388 1042 4440 .“
