3259 5075
1113 310 1296 371 Anno
1350 308 1520 373 1535
1565 308 1724 372 acta.
2462 307 2592 372 865

453 483 622 547 Illud
669 483 862 548 etiam
908 483 1295 548 decernitur:
1347 483 1590 548 iustum
1621 502 1773 564 esse,
1824 484 1897 547 ut
1939 484 2074 547 tam
2120 483 2322 547 clerus
2371 502 2591 547 secun-

242 590 457 654 darius
527 610 715 673 quam
783 590 1123 673 primarius
1196 590 1431 674 aliique
1500 589 1786 654 nobiles¹
1847 589 2028 653 aedes
2100 608 2271 671 suas„
2339 589 2588 671 fundoS,

239 698 495 781 templa,
545 697 894 780 pensione8‚
942 698 1302 779 proventus,
1350 696 1691 780 privilegia
1736 697 1800 761 et
1845 696 1987 761 iura
2024 696 2252 778 omnia,
2303 715 2460 778 quae
2492 696 2592 761 vel

240 804 308 868 in
339 804 442 868 vel
488 806 662 869 extra
698 805 923 868 urbem
967 803 1309 868 habuerint
1329 804 1369 884 ²,
1421 803 1555 868 sine
1599 801 1772 868 *ullo
1817 802 2212 867 incommodo
2258 802 2587 885 recipiant.

244 910 554 976 Similiter
599 910 764 974 cives
813 928 1026 974 omnes
1073 909 1406 993 utriusque
1453 928 1661 990 6611116,
1726 909 1838 992 qui
1881 911 2128 973 motum
2176 908 2591 991 anabaptisti-

243 1036 387 1081 cum
435 1017 803 1100 effugientes
835 1018 992 1081 urbe
1040 1018 1435 1080 excesserunt
1481 1018 2016 1099 spontaneamque
2063 1013 2322 1079 exilium
2364 1014 2592 1098 eligere

241 1124 629 1203 maluerunt,
707 1143 897 1206 quam
944 1142 1008 1187 se
1056 1121 1393 1187 schismate
1461 1122 1585 1187 isto
1634 1121 2085 1201 contaminare,
2143 1120 2212 1184 in
2256 1121 2593 1203 pristinam

243 1228 494 1294 aedium
528 1248 803 1311 suarum,
845 1228 1228 1309 reddituum,
1278 1229 1653 1311 pensionum
1685 1230 1797 1292 aut
1826 1227 2254 1311 quorumlibet
2288 1228 2592 1292 bonorum

241 1334 685 1415 immobilium,
736 1354 894 1419 quae
926 1335 993 1398 111
1025 1334 1126 1398 vel
1165 1336 1337 1398 extra
1369 1336 1591 1398 urbem
1638 1333 2031 1416 reliquerunt
2049 1335 2090 1415 ⁸,
2139 1334 2592 1416 possessionem

242 1440 674 1520 restituentur,
725 1439 975 1505 etiamsi
1020 1440 1240 1503 literae
1272 1439 1554 1521 signatae
1586 1441 1856 1521 exustae,
1907 1439 2277 1522 discerptae,
2328 1441 2592 1505 amissae

243 1549 354 1611 aut
399 1546 521 1610 alio
570 1546 751 1610 modo
800 1546 1104 1611 alienatae
1148 1546 1404 1611 fuerint.

459 1653 526 1717 Si
571 1652 800 1717 horum
833 1652 1089 1736 quidam
1136 1652 1568 1734 anabaptismo
1614 1672 1740 1717 non
1772 1652 2009 1716 addicti
2056 1653 2125 1715 in
2156 1652 2342 1717 exilio
2390 1654 2592 1717 extre-

241 1778 420 1823 mum
467 1759 634 1823 diem
667 1760 1045 1839 clauserunt,
1095 1758 1354 1823 illorum
1401 1760 1565 1823 bona
1609 1757 1980 1841 immobilia,
2031 1762 2389 1842 proventus,
2438 1779 2590 1842 pen-

243 1863 446 1929 siones
495 1865 825 1947 omniaque
856 1864 999 1928 iura
1029 1864 1107 1928 ad
1153 1865 1448 1929 haeredes
1497 1864 1930 1946 anabaptismo
1978 1885 2102 1930 non
2136 1866 2591 1931 contaminatos

242 1970 669 2036 devolventur.

456 2077 525 2142 Si
556 2098 699 2142 vero
748 2078 1005 2161 quidam
1036 2077 1290 2158 civium,
1340 2077 1453 2161 qui
1492 2079 1649 2142 urbe
1696 2068 2112 2159 excesserunt,
2159 2079 2593 2161 anabaptismo

242 2201 308 2247 se
354 2183 700 2265 polluerint
766 2184 1066 2267 illamque
1114 2187 1349 2248 sectam
1417 2183 1584 2267 ipsos
1653 2184 2033 2267 promovisse
2095 2185 2593 2250 demonstratum

242 2290 453 2371 fuerit,
503 2294 807 2373 perpetuo
839 2291 1023 2356 exilio
1056 2293 1120 2356 et
1152 2290 1594 2356 confiscatione
1626 2291 1910 2356 omnium
1950 2292 2255 2357 bonorum
2292 2294 2593 2356 suorum*

240 2398 741 2463 mulctabuntur.

455 2504 548 2568 Ne
594 2504 805 2569 autem
851 2504 993 2588 quis
1042 2503 1531 2587 suspicionibuS‚
1585 2503 1964 2570 coniecturis
2010 2505 2120 2570 aut
2166 2503 2327 2570 odiis
2375 2507 2594 2570 contra

241 2610 342 2674 ius
391 2612 454 2674 et
499 2611 879 2693 aequitatem
944 2611 1355 2693 opprimatur,
1427 2611 1849 2675 necessarium
1911 2630 2042 2675 esse
2088 2611 2298 2675 visum
2344 2614 2465 2692 est,
2517 2613 2595 2676 ut

242 2716 437 2780 vicini
483 2716 727 2798 aliquot
787 2716 1083 2781 electores
1132 2720 1195 2781 et
1239 2716 1556 2799 principes
1619 2720 1921 2800 tanquam
1969 2717 2385 2782 commissarii
2431 2717 2591 2782 deli-

240 2824 490 2905 gantur,
539 2822 650 2905 qui
696 2821 935 2903 legatos
983 2823 1142 2886 sacri
1208 2822 1456 2904 imperii
1504 2822 1758 2887 nomine
1804 2822 2258 2886 Monasterium
2307 2823 2589 2904 mittant,

241 2929 352 3014 qui
384 2929 460 2993 de
493 2928 618 3011 ipsi
651 2927 1017 2993 confirmato
1065 2928 1375 3010 suspectis
1422 2930 1816 3011 cognoscant,
1867 2930 1941 2992 ut
1980 2928 2342 2993 innocentes
2383 2928 2591 3011 suspi-

241 3036 417 3101 cione
463 3035 738 3099 absoluti
786 3036 848 3099 et
892 3034 1152 3118 purgati
1199 3052 1313 3098 sua
1352 3035 1515 3098 bona
1560 3036 1948 3116 recuperent,
1996 3035 2289 3098 nocentes
2334 3053 2479 3099 vero
2526 3036 2595 3099 et

242 3141 675 3224 anabaptismo
710 3139 1123 3205 contaminati
1152 3141 1454 3222 perpetuo
1488 3140 1693 3222 exilio,
1742 3139 2005 3205 infamia
2036 3141 2100 3205 et
2128 3139 2591 3223 proscriptione

241 3248 525 3312 omnium
571 3248 922 3311 bonorum⁵
966 3246 1334 3330 puniantur.

239 3481 450 3549 gesetzt
475 3477 673 3545 wurde,
710 3478 856 3531 ward
882 3478 1003 3533 dem
1026 3479 1330 3534 Abschiede
1366 3479 1650 3551 folgendcr
1672 3480 1871 3535 Passus
1897 3480 2206 3550 beigefiigt:
2250 3479 2406 3547 „Und
2431 3479 2590 3534 dweil

239 3569 298 3622 in
335 3567 537 3621 diesem
574 3566 857 3621 abschiedt
894 3569 982 3622 ein
1020 3567 1247 3623 artickel
1285 3568 1382 3623 der
1416 3569 1648 3640 religion
1686 3568 1885 3622 halben
1921 3568 2151 3623 verleibt
2187 3568 2277 3638 ist,
2315 3585 2374 3622 so
2412 3567 2591 3624 haben

367 3656 463 3710 der
499 3654 842 3711 churfiirsten
874 3656 1008 3733 >und
1045 3657 1255 3718 fursten
1311 3657 1677 3726 Sachssen,
1735 3657 2265 3727 Wirttemberg,
2321 3656 2590 3712 Hessen

237 3745 366 3798 und
404 3743 663 3798 Anholt
697 3749 940 3815 gesante‚
977 3746 1133 3799 rethe
1159 3746 1271 3799 und
1292 3746 1619 3801 botscafften
1656 3746 1880 3802 sulehen
1906 3746 2132 3801 artickel
2159 3745 2274 3801 also
2300 3762 2368 3799 zu
2393 3745 2590 3801 stellen

238 3834 326 3887 nit
361 3832 644 3904 bewilligt„
683 3834 878 3888 sonder
913 3833 982 3888 do
1005 3834 1209 3889 widder
1244 3837 1676 3905 protestiert
1710 3852 1967 3906 vei-muge
2004 3836 2100 3890 der
2134 3836 2497 3906 protestation
2530 3835 2589 3889 in

239 3921 336 3976 der
371 3921 672 3976 Mentziseh
709 3922 941 3976 cantzlei
976 3923 1335 3993 ubergeben.“
1388 3923 1543 3978 Auch
1580 3923 1669 3978 die
1693 3923 2074 3979 Reichsstiidte
2110 3924 2304 3978 hatten
2341 3922 2457 3978 sich
2495 3922 2592 3979 der

237 4009 521 4065 Annahme
558 4010 733 4065 dieses
769 4010 1008 4065 Artikels
1048 4013 1315 4082 einmiitig
1349 4012 1674 4067 widersetzt.

457 4116 497 4183 ¹)
541 4157 587 4182 „.
611 4156 623 4170 .
648 4156 660 4169 .
698 4116 810 4170 und
847 4117 1032 4186 ander,
1089 4135 1147 4172 so
1185 4117 1302 4171 hoff
1332 4117 1445 4171 und
1480 4117 1679 4172 11611661·
1712 4118 1770 4171 111
1805 4118 2054 4172 Munstcr
2107 4117 2313 4188 gehapt
2350 4157 2364 4171 .
2386 4157 2399 4171 .
2422 4118 2467 4172 .“
2519 4146 2589 4156 —

240 4202 285 4273 ²)
327 4246 373 4271 ,,.
398 4243 445 4256 ..
480 4204 592 4257 1111(1
628 4205 860 4259 bewisen
898 4222 1096 4276 mugen
1124 4246 1137 4259 .
1159 4245 1172 4258 .
1195 4206 1242 4260 .“
1284 4235 1352 4245 --
1391 4205 1437 4272 ³)
1479 4245 1525 4273 „.
1549 4245 1596 4259 ..
1636 4206 1747 4260 und
1782 4205 2113 4260 beweil’slieh
2148 4222 2324 4260 weren
2362 4245 2409 4262 ..
2431 4207 2476 4262 .“
2519 4235 2587 4245 -

239 4292 284 4359 ⁴)
325 4334 372 4358 „.
402 4332 413 4345 .
442 4333 455 4345 .
492 4295 776 4363 gemeinen
830 4293 1058 4349 stenden
1108 4310 1176 4348 zu
1212 4298 1312 4365 gut
1353 4336 1366 4351 .
1394 4335 1407 4351 .
1436 4294 1482 4349 .“
1541 4323 1608 4333 —
1666 4293 1711 4362 ⁵)
1752 4334 1799 4362 „.
1827 4332 1840 4347 .
1869 4333 1883 4347 .
1921 4295 2206 4365 gemainen
2256 4294 2483 4350 stenden
2521 4311 2590 4349 zu

238 4380 378 4452 guth
417 4422 430 4436 .
460 4423 473 4436 .
500 4383 546 4435 .“

2367 4471 2450 4537 31

2617 820 2711 890 *μ
2752 819 2875 875 625.
