3259 5075
358 1143 456 1214 ‘p.
493 1145 612 1200 628.

649 211 780 274 872
1509 213 1693 278 Α11110
1748 215 1914 279 1536
1961 216 2118 280 acta.

647 384 783 468 quii
829 405 1017 451 causa
1078 386 1439 452 admittant.
1532 390 1744 455 Huius
1812 391 2027 474 itaque
2072 411 2260 473 opera
2326 412 2440 475 per
2482 395 2686 458 totam
2752 395 3019 458 noctem

645 510 799 556 usus
831 494 946 556 est.
1017 492 1074 556 A
1104 512 1226 576 quo
1259 494 1352 559 ita
1395 497 1720 577 permotus
1752 499 1817 561 et
1862 498 2238 563 immutatus
2270 501 2384 580 est,
2435 502 2510 565 ut
2538 500 2704 565 nihil
2752 519 3018 583 praezer

646 617 824 662 suam
870 599 1283 682 impietatem,
1333 601 1568 683 caedeS,
1619 602 1925 685 rapinam,
1975 604 2444 686 impudicitiam
2478 605 2723 689 aliaque
2756 606 3017 690 flagttia

645 703 901 769 defleret
946 706 1009 769 et
1054 706 1472 771 detestaretur
1518 727 1705 791 seque
1751 708 1956 774 decies
1995 712 2261 775 mortem
2308 712 2782 776 acerbissimam
2833 732 3013 776 ccm-

643 811 947 874 meruisse
994 810 1230 876 diceret
1261 832 1332 877 ac
1366 832 1578 878 omnes
1626 834 1864 880 errores
1897 834 2043 881 suos
2089 819 2529 900 praeterquam
2569 818 2647 882 de
2678 819 3009 901 baptismo

643 917 706 979 et
735 916 1130 982 humanitate
1162 917 1402 983 Christi
1448 920 1751 1002 privatim
1781 922 1849 985 in
1883 941 2127 987 carcere
2173 926 2559 1006 revocaret¹3
2610 924 2783 1008 quod
2832 925 3009 988 idem

643 1026 776 1087 erat
822 1024 1076 1106 publice
1122 1026 1424 1108 facturae,
1477 1026 1531 1091 si
1577 1028 1886 1092 licuisset.
1979 1029 2141 1093 Nam
2189 1048 2334 1094 cum
2380 1032 2735 1095 metuerent
2787 1030 3010 1112 ipsum

641 1128 809 1193 eain
842 1129 1070 1211 vulgus
1117 1150 1500 1213 sparsurum,
1552 1133 1717 1197 unde
1749 1134 2006 1198 maioris
2053 1135 2205 1199 mali
2252 1137 2492 1200 occasio
2538 1136 2765 1201 fuisset
2796 1135 3005 1216 *oi-ta,

640 1255 765 1299 non
813 1238 962 1300 sunt
1027 1237 1197 1319 passi
1265 1240 1544 1320 tempore
1614 1239 1912 1321 supplicii
1973 1239 2183 1322 ipsum
2250 1242 2504 1323 publice
2564 1242 2754 1326 loqui.
2858 1241 3008 1305 Sibi

639 1361 882 1424 quoque
930 1342 1138 1408 dolere
1184 1342 1361 1425 dixit,
1412 1344 1577 1428 quod
1623 1345 1992 1429 Lantgravii
2040 1347 2455 1412 saluberrima
2498 1348 2759 1412 consilia
2809 1366 3007 1430 saepe

636 1467 751 1529 pro
817 1449 1018 1513 nihilo
1088 1449 1336 1515 duxerit
1391 1455 1455 1514 et
1514 1453 1879 1534 arroganter
1945 1455 2394 1535 contempserit
2412 1455 2454 1519 ².
2548 1455 2885 1518 Praeterea
2933 1472 3005 1517 se

637 1556 869 1636 optare,
937 1555 1235 1619 Divaram
1282 1575 1535 1621 uxorem
1584 1576 1764 1621 suam
1811 1558 2009 1622 simili
2054 1558 2463 1641 poenitudine
2510 1558 3005 1624 commissorum

635 1661 1024 1743 flagitiorum
1069 1661 1216 1725 duci
1236 1663 1278 1727 ³.
1345 1663 1428 1727 Et
1461 1683 1605 1727 cum
1654 1664 1932 1747 Siburgh
1981 1684 2045 1729 se
2076 1665 2144 1728 id
2190 1665 2292 1728 illi
2337 1665 2859 1730 renunciaturum
2892 1664 3001 1727 di-

635 1768 829 1831 ceret:
884 1767 1391 1851 „Nequaquam‚“
1442 1769 1654 1853 inquit
1698 1770 1827 1849 ille,
1886 1771 2047 1852 „tibi
2091 1771 2217 1835 ista
2256 1771 2493 1836 dicenti
2525 1771 2750 1852 credet,
2786 1789 3002 1853 neque

633 1872 816 1935 facile
862 1872 962 1935 illi
1029 1875 1432 1955 persuadebis
1495 1895 1594 1940 me
1642 1875 1993 1940 doctrinam
2041 1896 2247 1940 meam
2316 1880 2616 1958 tanquam
2664 1895 3001 1940 erroneam

631 1981 998 2061 recantasse,
1044 1980 1168 2044 nisi
1215 1983 1384 2047 certo
1433 1982 1613 2066 signo
1660 1983 1728 2046 id
1774 2003 1812 2046 a
1858 1984 1921 2046 te
1968 1984 2331 2065 probetur.“
2416 1982 2631 2047 Refert
2674 2001 2824 2064 ergo
2871 1981 2999 2045 hoc

632 2084 798 2168 signi
844 2085 998 2167 1000,
1064 2087 1230 2170 quod
1276 2088 1391 2152 illa
1434 2090 1686 2153 tenente
1733 2089 1947 2153 lumen
1994 2089 2433 2171 pediculorum
2480 2087 2999 2170 inguinariorum

845 2334 886 2401 ¹)
929 2334 1096 2399 „Qui“
1139 2333 1379 2401 (Johann
1417 2352 1465 2389 v,
1505 2334 1761 2405 Syburg),
1819 2335 2057 2389 schreibt
2110 2334 2261 2388 Ant.
2299 2333 2578 2402 Corvin,
2640 2340 2867 2404 „postea
2919 2336 2995 2389 ad

629 2440 725 2475 nos
761 2439 1004 2476 reversus
1043 2424 1234 2476 miram
1288 2423 1455 2476 fuisse
1493 2424 1676 2476 miseri
1713 2422 1946 2477 hominis
1993 2425 2389 2492 poenitentiam
2424 2425 2776 2491 renuntiavit,
2831 2423 2993 2491 aden,

625 2515 691 2564 ut
729 2512 892 2565 etiam
928 2512 1162 2580 ingenue
1200 2510 1474 2565 confessus
1511 2512 1600 2578 sit,
1641 2512 1686 2564 si
1713 2511 1889 2565 decies
1929 2511 2100 2565 occidi
2138 2512 2326 2581 possit,
2364 2516 2595 2567 mortem
2631 2516 2779 2566 certe
2805 2511 2994 2567 decies

625 2601 877 2653 meritum
917 2618 1031 2653 esse
1060 2618 1116 2653 se
1129 2620 1142 2664 ;
1182 2604 1238 2653 et
1274 2603 1457 2652 tamen
1495 2600 1679 2653 induci
1715 2617 1822 2654 non
1860 2602 2118 2669 potuisse,
2157 2605 2221 2653 ut
2247 2618 2477 2654 errorem
2516 2601 2582 2653 de
2607 2601 2886 2670 baptismo
2926 2619 2993 2655 ac

627 2688 969 2742 humanitate
1008 2689 1210 2742 Christi
1265 2690 1619 2742 recantaret.“
1698 2689 1802 2742 Die
1839 2689 2224 2758 Unterredung
2276 2690 2380 2742 mit
2416 2691 2539 2742 dem
2593 2690 2993 2744 bischossichen

623 2777 839 2847 Kaplan
877 2777 1120 2831 erwahnt
1156 2777 1295 2830 auch
1332 2776 1428 2830 der
1469 2818 1513 2842 „.
1537 2816 1550 2829 .
1573 2817 1585 2829 .
1624 2777 1733 2830 An·
1772 2777 1883 2830 und
1921 2778 2186 2847 abgang,“
2238 2783 2407 2831 nennt
2459 2779 2587 2832 aber
2624 2778 2731 2831 den
2770 2778 2993 2832 Namen

620 2867 792 2920 nicht.
854 2865 1015 2932 „Auff
1047 2866 1229 2920 solche
1266 2866 1359 2920 des
1399 2865 1672 2936 Capplans
1710 2866 2041 2936 handlung,“
2083 2867 2251 2920 heisst
2276 2884 2331 2920 es
2358 2867 2519 2935 (181111,
2562 2866 2694 2932 „hat
2732 2867 2855 2921 sich
2893 2867 2993 2921 der

624 2955 806 3024 Konig
842 2955 923 3009 als
961 2956 1164 3025 geirret
1199 2956 1414 3022 bekent,
1453 2957 1566 3009 sein
1599 2955 1883 3024 handlung
1918 2956 2154 3009 berewet
2190 2955 2301 3008 und
2325 2955 2408 3008 als
2432 2955 2680 3022 unrecht‚
2719 2955 2818 3008 das
2860 2956 2991 3009 kein

623 3043 826 3113 grundt
862 3044 987 3111 hab,
1037 3044 1349 3109 widerrufl't,
1401 3044 1517 3096 sich
1554 3044 1694 3098 auch
1733 3060 1799 3097 zu
1838 3044 1959 3097 dem
1995 3043 2219 3098 rechten
2256 3043 2479 3098 heiland
2516 3043 2733 3098 Christo
2775 3044 2989 3112 bekert,

621 3134 698 3185 im
736 3148 801 3184 zu
837 3132 1036 3186 helffen
1075 3132 1183 3185 und
1222 3133 1369 3185 seine
1407 3132 1546 3185 siind
1583 3149 1649 3185 zu
1687 3132 1967 3186 verzeihen
2012 3132 2335 3201 angerufft.“
2411 3132 2538 3202 Vgl.
2577 3132 2717 3185 dazu
2757 3132 2987 3188 Herm.

622 3220 1073 3274 Hamelmann
1112 3221 1164 3275 S.
1207 3221 1360 3288 1295,
1400 3220 1494 3274 der
1529 3220 1648 3274 hier
1685 3222 1857 3274 neben
1895 3220 2112 3274 Johann
2136 3237 2185 3274 V.
2213 3220 2429 3289 Syburg
2465 3219 2605 3273 811011
2642 3220 2783 3274 noch
2822 3222 2987 3274 einen

621 3309 837 3377 Kaplan
876 3308 1182 3378 Stephanus
1208 3308 1566 3378 Krontingius
1603 3309 2006 3363 Dulmoniensis
2044 3307 2284 3376 anfiihrt,
2324 3308 2420 3361 der
2453 3308 2728 3362 identisch
2767 3310 2841 3362 ist
2880 3311 2987 3363 mit

622 3397 826 3452 Steffcn
865 3397 1243 3465 Crumtunger,
1298 3397 1529 3451 wolcher
1564 3398 1704 3451 118011
1741 3399 1807 3453 D.
1847 3398 2037 3451 Lilie
2095 3397 2147 3452 S.
2188 3398 2293 3450 274
2334 3398 2453 3462 „ein
2492 3397 2831 3450 lesemeister
2870 3402 2986 3452 tom

619 3487 888 3540 Barvoten
928 3486 1002 3537 im
1042 3484 1262 3538 cloister
1298 3488 1355 3538 to
1392 3485 1639 3539 Munster
1675 3487 1721 3539 10
1759 3487 2007 3555 gewest.“
2065 3486 2139 3539 Er
2174 3489 2288 3540 trat
2325 3490 2510 3555 spater
2548 3502 2615 3538 zu
2652 3485 2730 3539 St.
2759 3485 2985 3540 Johann

619 3577 676 3628 in
705 3573 1016 3628 Osnabriick
1045 3572 1325 3643 energisch
1351 3590 1526 3643 gegen
1554 3573 1641 3627 die
1666 3574 2016 3643 Papstlichen
2042 3574 2142 3628 auf
2174 3574 2285 3627 und
2308 3574 2491 3628 wurde
2516 3573 2757 3627 hernach
2782 3574 2985 3629 Pastor

620 3666 676 3718 in
715 3663 1081 3732 Petershagen
1122 3665 1186 3730 (0.
1223 3663 1406 3718 Herm.
1447 3663 1804 3717 Hamelmann
1843 3663 1897 3718 S.
1939 3664 2075 3717 1136
2112 3664 2222 3717 und
2273 3662 2333 3718 C.
2373 3664 2606 3718 Stiive:
2649 3662 2845 3717 Gesch.
2887 3663 2982 3717 des

618 3752 924 3806 Hochstifts
964 3753 1279 3807 Osnabriick
1322 3752 1410 3807 Tl.
1447 3753 1481 3806 2
1522 3752 1684 3821 [Jena
1726 3751 1882 3820 1872]
1924 3752 1978 3807 S.
2014 3752 2084 3806 87
2106 3752 2187 3820 f.).

834 3839 875 3908 2)
915 3840 1072 3894 Nach
1108 3841 1254 3895 Ant.
1293 3839 1606 3894 Corvin’s
1644 3841 1800 3894 Brief
1841 3840 1941 3894 hat
1977 3839 2072 3894 der
2107 3840 2291 3910 Konig
2340 3840 2481 3894 noch
2518 3844 2742 3910 gesagt:
2788 3840 2980 3906 „Quod

619 3932 664 3983 si
701 3947 955 3999 praesens
989 3930 1362 4000 Landgravius
1401 3933 1559 3998 esset,
1598 3929 1916 3999 suppliciter
1951 3946 2010 3983 se
2045 3930 2158 3983 01110
2196 3928 2385 3984 delicti
2422 3931 2639 3984 veniam
2676 3935 2979 3998 oraturum,

617 4018 676 4072 id
712 4018 856 4089 quod
911 4035 1053 4072 nunc
1092 4036 1125 4072 8
1162 4017 1390 4073 Corvino
1428 4036 1492 4073 80
1529 4019 1763 4089 Kymeo‚
1819 4034 1983 4088 quam
2035 4019 2270 4087 primum
2324 4019 2383 4072 in
2437 4020 2681 4089 patriam·
2728 4018 2979 4086 redeant,

616 4108 736 4163 fieri
774 4108 1008 4178 cupiat.“

834 4196 878 4264 ⁸)
915 4197 1104 4250 Dieses
1143 4197 1253 4250 und
1290 4196 1386 4250 das
1413 4195 1691 4266 Folgende
1727 4195 1997 4250 berichtet
2033 4211 2136 4247 nur
2160 4194 2344 4248 Kerss.
2400 4193 2629 4248 Danach
2664 4194 2825 4249 hatte
2848 4213 2979 4251 man

617 4284 740 4339 dem
765 4285 963 4355 Konig,
1000 4301 1109 4338 was
1133 4285 1311 4354 wenig
1333 4283 1783 4338 wahrscheinlich
1807 4285 1897 4353 ist,
1936 4282 2039 4338 den
2063 4280 2182 4336 Tod
2207 4281 2303 4336 (101·
2326 4282 2532 4336 Divara
2555 4282 2979 4353 verschwiegen.
