3259 5075
605 239 739 303 492
1471 238 1656 305 Anno
1709 241 1880 307 1534
1924 242 2082 307 acta.

601 414 809 480 citum
856 416 1218 499 sequentem
1261 415 1554 482 habeant.
1624 416 1735 481 Illi
1781 417 1992 483 subito
2037 417 2312 483 adventu
2346 419 2411 483 et
2443 418 2715 483 clamore
2746 421 2959 485 nostro

606 521 813 586 territi
863 540 996 586 sese
1041 521 1111 586 in
1155 521 1376 607 fugam
1420 523 1772 589 conficiunt
1837 523 2092 608 suisque
2137 524 2207 589 in
2254 523 2388 590 foro
2435 525 2683 590 hostem
2744 525 2961 591 adesse

606 626 1001 709 renunciant,
1048 627 1374 693 horrorem
1420 631 1808 694 armatorum
1851 629 2219 713 praedicant
2251 631 2317 695 et
2360 631 2568 697 multa
2598 650 2742 697 vero
2789 651 2962 698 acer-

606 733 810 816 biora,
877 753 1035 819 quae
1078 737 1287 801 metus
1334 736 1677 820 suggessit,
1742 737 2059 821 affingunt
2101 737 2523 822 continuoque
2570 740 2845 804 armatos
2892 739 2961 804 in

606 839 995 923 praesidium
1026 861 1285 908 suorum
1312 841 1657 908 mittendos
1689 861 1823 908 esse
1854 843 2202 910 clamitant.
2261 843 2437 909 Dum
2477 845 2630 910 haec
2661 845 2958 928 aguntur,

607 946 1069 1032 quinquaginta
1112 968 1150 1014 a
1193 949 1426 1014 nostris
1486 949 1703 1015 emissi
1763 969 1877 1033 per
1935 950 2334 1033 ponticulum
2402 951 2727 1034 lapideum
2746 954 2771 990 ¹
2815 971 2961 1034 pro-

606 1053 826 1137 gressi,
876 1054 990 1119 ubi
1020 1056 1084 1119 et
1127 1055 1385 1139 publica
1429 1058 1526 1121 est
1571 1056 1767 1122 forica
1795 1058 1860 1121 et
1906 1057 2240 1123 stabularii
2285 1058 2456 1141 apud
2502 1058 2761 1123 domum
2797 1057 2961 1141 Cap-

607 1159 1129 1243 penbergensium
1197 1180 1388 1246 equos
1435 1182 1579 1229 suos
1627 1166 1960 1248 aquantur,
2027 1165 2262 1230 adsunt
2306 1182 2378 1229 ac
2422 1183 2615 1247 prope
2659 1163 2961 1247 Aegidia-

608 1285 763 1331 num
808 1268 1240 1334 coemiterium
1300 1268 1596 1334 hostibus
1646 1270 1801 1335 duas
1865 1270 2238 1335 bombardas
2305 1270 2693 1335 habentibus
2741 1288 2961 1334 occur-

607 1375 777 1455 runt,
827 1373 937 1457 qui
969 1393 1004 1439 a
1032 1374 1264 1440 nostris
1305 1375 1602 1441 hostilem
1631 1375 2111 1459 impressionem
2143 1376 2483 1441 sentientes
2529 1395 2640 1459 per
2676 1375 2961 1440 viculum

608 1480 1036 1545 transversum
1067 1481 1159 1546 ibi
1191 1482 1473 1547 vicinum
1503 1482 1580 1547 ad
1615 1483 1823 1549 forum
1867 1482 2150 1566 fugitant
2181 1501 2252 1547 ac
2285 1482 2774 1565 trepidationem
2812 1502 2960 1548 oon-

609 1584 958 1668 duplicant.
1023 1587 1099 1652 In
1131 1606 1201 1652 eo
1233 1588 1412 1654 motu
1443 1607 1640 1671 equus
1672 1606 1865 1653 unam
1912 1588 2323 1653 bombardam
2368 1590 2626 1654 trahens
2672 1590 2768 1655 ibi
2797 1590 2962 1655 forte

605 1691 908 1757 traiectus
952 1693 1309 1775 procubuit,
1377 1695 1642 1758 alteram
1685 1713 1830 1759 vero
1878 1693 2079 1759 nostri
2126 1694 2496 1760 custodibus
2543 1695 2783 1760 abactis
2836 1694 2961 1759 eri-

607 1798 797 1881 piunt
862 1800 1218 1883 retortoque
1264 1819 1419 1883 equo
1481 1799 1778 1865 avehunt.
1870 1800 2153 1866 Retincti
2198 1819 2342 1865 vero
2402 1802 2775 1866 catervatim
2823 1800 2960 1866 sine

608 1906 779 1968 certa
822 1905 1031 1970 tamen
1079 1907 1211 1971 acie
1273 1906 1406 1972 foro
1452 1906 1638 1972 effusi
1683 1908 1930 1973 nostros
1978 1907 2223 1972 eminus
2293 1907 2649 1972 missilibus
2720 1908 2963 1972 frustra

566 2013 1090 2093 ,prosequuntuu
1184 2010 1352 2095 *Ego
1399 2015 1609 2077 autem
1657 2011 1863 2077 adhuc
1907 2030 2067 2095 puer
2113 2012 2232 2077 tali
2279 2015 2657 2094 crabronum
2704 2033 2960 2079 susurro

608 2135 679 2180 ac
710 2117 1168 2182 tormentorum
1212 2119 1459 2184 bombis
1507 2139 1634 2184 non
1668 2121 1975 2200 assuetus,
2024 2118 2133 2183 sed
2178 2121 2723 2204 anabaptistarum
2766 2120 2959 2185 minis

605 2223 869 2288 territus
929 2223 999 2288 in
1044 2225 1401 2290 coemiterio
1446 2225 1795 2309 Aegidiano
1862 2228 2008 2308 post
2075 2245 2444 2292 craneorum
2513 2227 2961 2309 repositorium

606 2348 706 2394 me
753 2329 1026 2394 subduxi
1092 2329 1309 2414 ibique
1355 2332 1583 2397 delitui
1631 2334 1696 2397 et
1739 2334 1919 2397 motu
1979 2332 2186 2415 posito
2248 2333 2658 2399 meticulosus
2726 2333 2962 2397 iterum

605 2436 892 2519 prorepsi
937 2455 1008 2500 ac
1053 2436 1134 2501 ad
1179 2439 1423 2503 nostros
1480 2457 1768 2503 reversus
1814 2438 1984 2522 ipsos
2033 2458 2160 2505 una
2205 2458 2351 2504 cum
2396 2440 2741 2506 bombarda
2784 2439 2959 2504 inco-

605 2543 809 2608 lumes
854 2542 936 2608 ad
982 2543 1414 2609 coemiterium
1461 2544 1723 2610 rediisse
1771 2546 2067 2628 comperi.

820 2649 976 2714 Inde
1021 2649 1097 2714 de
1143 2651 1331 2715 rebus
1377 2651 1814 2734 praesentibus
1847 2669 1884 2714 a
1914 2652 2145 2717 nostris
2192 2654 2482 2717 accurate
2529 2651 2959 2717 consultatum

609 2758 723 2821 est.
791 2756 1091 2821 Omnium
1124 2756 1381 2840 quidem
1410 2757 1575 2822 votis
1619 2758 1892 2841 irruptio
1938 2759 2006 2823 in
2039 2758 2353 2823 forensem
2395 2760 2649 2824 turbam
2694 2757 2955 2841 placuit,

607 2864 683 2927 ut
713 2862 1007 2927 omuibus
1040 2862 1475 2928 controversiis
1508 2864 1655 2929 finis
1686 2864 1940 2929 tandem
1985 2863 2368 2947 imponatur,
2406 2883 2486 2929 ne
2517 2883 2717 2929 novus
2747 2866 2958 2929 motus

607 2967 678 3032 in
723 2970 1045 3052 posterum
1108 2970 1193 3036 sit
1238 2971 1647 3053 metuendus;
1721 2970 1830 3038 sed
1875 2990 2000 3055 qua
2060 2971 2302 3037 ratione
2347 2970 2850 3036 commodissime
2895 2972 2960 3035 et

608 3075 744 3140 siue
790 3074 967 3141 clade
1012 3096 1241 3161 magna
1283 3077 1353 3141 id
1397 3078 1537 3142 fieri
1581 3079 1787 3162 queat,
1861 3078 2226 3143 dubitatum
2264 3080 2363 3142 est
2408 3077 2572 3159 aliis,
2621 3080 2697 3142 ut
2741 3079 2956 3160 aperto

608 3182 814 3247 Marte
859 3182 1138 3266 undique
1181 3184 1252 3248 in
1296 3183 1571 3249 forenses
1634 3184 1763 3248 iam
1808 3185 2235 3249 consternatos
2282 3186 2458 3249 metu
2502 3183 2778 3265 impetus
2824 3183 2956 3266 fiat,

609 3288 1102 3370 consulentibus,
1150 3291 1293 3355 aliis
1340 3309 1485 3354 vero
1541 3289 1973 3371 suadentibus,
2022 3291 2098 3355 ut
2143 3310 2218 3355 ex
2262 3290 2557 3356 omnibus
2603 3288 2831 3372 plateis
2878 3288 2960 3353 ad

607 3394 818 3459 forum
885 3396 1290 3480 vergentibus
1350 3396 1568 3460 vineae
1636 3399 1910 3480 agantur
1953 3416 2025 3461 ac
2070 3415 2183 3479 per
2247 3395 2514 3462 maiores
2584 3393 2957 3460 bombardas

608 3499 1073 3565 munitionibus
1142 3500 1495 3566 forensibus
1543 3501 1896 3568 deturbatis
1961 3501 2374 3585 hostibusque
2421 3501 2703 3584 depulsis
2764 3519 2959 3584 expu-

607 3605 824 3690 gnatio
869 3608 1168 3672 tentetur.
1263 3607 1384 3673 Sed
1430 3626 1576 3674 cum
1638 3612 1979 3692 utrumque
2025 3608 2230 3674 multo
2276 3608 2582 3692 sanguine
2627 3610 2692 3672 et
2735 3608 2960 3673 vulne·

608 3713 789 3779 ribus
835 3713 1044 3778 visum
1108 3716 1271 3780 esset
1332 3716 1800 3797 constaturum,
1872 3714 2252 3798 quibusdam
2296 3713 2567 3797 placuit,
2637 3714 2713 3779 ut
2754 3713 2958 3779 vineis

606 3820 769 3884 actis
816 3838 887 3885 ex
933 3820 1225 3885 omnibus
1280 3821 1536 3904 quidem
1603 3821 1834 3906 plateis
1905 3824 2138 3906 quanto
2207 3820 2348 3886 fieri
2392 3821 2597 3903 possit
2653 3822 2961 3904 apparatu

609 3925 835 3990 bellico
884 3924 1183 3991 simulata
1220 3926 1646 4010 impressione,
1703 3927 1812 3992 sed
1842 3927 2277 4012 frequentibus
2309 3926 2535 3992 iaculis
2566 3927 2960 4009 impetantur

608 4032 797 4114 atque
828 4032 1081 4098 assiduo
1127 4033 1338 4098 labore
1382 4032 1475 4098 ita
1505 4032 1953 4117 defatigemur,
2001 4036 2077 4098 ut
2114 4032 2368 4098 nullum
2412 4032 2572 4115 ipsis
2604 4031 2960 4116 respirandi

830 4228 869 4295 ¹)
906 4226 978 4280 Es
1014 4228 1088 4281 ist
1124 4226 1213 4280 die
1248 4226 1531 4281 Aabriioke
1581 4243 1669 4280 am
1705 4225 2048 4298 Bispinghoi'.
2120 4225 2248 4297 Vgl.
2285 4227 2423 4282 dazu
2460 4227 2529 4282 A.
2564 4226 2795 4282 Tibus:
2851 4226 2958 4281 Die

606 4313 773 4368 Stadt
808 4315 1054 4370 Miinster
1092 4316 1360 4383 (Mfinster
1402 4315 1558 4382 1882)
1599 4315 1656 4371 S.
1696 4316 1798 4369 193
1816 4314 1873 4370 ff.
