3259 5075
314 2037 423 2108 ⁴p.
459 2036 580 2092 473.

617 255 746 319 556
1476 251 1660 319 Anno
1712 254 1884 319 1534
1929 255 2086 318 acta.

611 448 736 512 que
784 429 981 493 simili
1047 428 1396 512 pertinacia
1441 432 1505 494 et
1551 429 1891 495 rebellione
1937 429 2349 512 offenderent,
2421 448 2634 494 omnes
2681 428 2970 493 fortunas

616 554 761 599 suas
794 535 1200 618 deseruerint,
1253 555 1318 600 se
1353 536 1565 619 itaque
1611 535 1962 618 principem
1997 538 2336 617 obsecrare,
2388 539 2462 600 ut
2504 535 2763 600 miseria
2792 533 2971 599 civili

615 641 826 725 aliquo
871 641 1056 705 modo
1102 642 1405 725 tangatur
1434 644 1500 707 et
1543 642 2022 707 ineluctabilem
2066 644 2322 707 exulum
2368 642 2796 707 calamitatem
2843 641 2970 705 cle-

613 748 858 812 menter
925 766 1137 811 secum
1196 748 1530 830 expendat,
1601 748 1734 812 vim
1782 747 2114 830 iniustam,
2188 768 2346 833 quae
2393 747 2675 831 exemplo
2742 766 2972 830 prope-

613 853 871 918 modum
919 855 1142 935 careat,
1192 854 1433 936 puniat,
1485 853 1893 918 rebellionem
1937 854 2233 937 vindicet,
2286 854 2597 919 haeresim
2643 872 2790 917 cum
2837 851 2972 917 suis

614 960 976 1025 auctoribus
1037 960 1365 1043 extinguat
1409 962 1472 1024 et
1516 959 1807 1024 funditus
1855 959 2085 1041 deleat,
2149 960 2316 1026 cives
2364 979 2401 1024 a
2445 961 2737 1025 luctuoso
2783 958 2971 1022 exilio

613 1067 692 1131 ad
737 1069 992 1149 penates
1039 1085 1184 1131 81108
1233 1068 1297 1131 et
1338 1068 1504 1131 bona
1549 1065 1674 1130 sibi
1720 1064 2012 1148 adempta
2059 1066 2335 1131 reducat.
2401 1066 2479 1131 Se
2512 1085 2649 1130 eam
2693 1065 2971 1148 gratiam

613 1172 943 1256 quibusvis
992 1171 1236 1254 officiis,
1286 1173 1477 1237 etiam
1522 1192 1670 1236 cum
1714 1171 1880 1236 vitae
1927 1172 2289 1237 discrimine
2333 1172 2805 1256 promerituros,

824 1279 1127 1362 Princeps
1172 1298 1286 1362 per
1328 1278 1781 1344 Themmouem
1825 1281 1905 1345 ab
1953 1278 2217 1360 Hoerde‚
2284 1278 2465 1343 aulae
2521 1275 2970 1360 hipparchum,

612 1386 857 1451 civibus
924 1386 1286 1469 respondet:
1356 1386 1794 1451 Deliberatum
1840 1387 1904 1451 et
1950 1385 2374 1451 constitutum
2421 1383 2546 1448 sibi
2592 1382 2973 1448 iamdudum

613 1512 744 1556 esse
775 1492 1194 1575 pestilentem,
1242 1491 1659 1574 perniciosam
1690 1495 1753 1557 et
1785 1493 2046 1575 impiam
2090 1492 2159 1555 in
2191 1491 2348 1555 urbe
2393 1491 2790 1573 grassantem
2822 1488 2972 1553 hae-

611 1597 804 1662 resim
849 1598 1042 1663 etiam
1088 1617 1236 1662 cum
1264 1597 1432 1662 vitae
1479 1600 1544 1662 et
1588 1598 1872 1662 omnium
1919 1600 2226 1662 bonorum
2273 1615 2534 1662 suorum
2580 1596 2824 1660 iactura
2870 1614 2972 1659 re-

611 1704 898 1787 primere,
968 1724 1167 1788 neque
1214 1706 1484 1770 aliorum
1547 1707 1932 1789 principum,
2005 1706 2354 1771 amicorum
2424 1708 2613 1789 atque
2661 1703 2971 1787 sanguine

610 1810 972 1876 iunctorum
1017 1812 1331 1896 praesidia
1376 1813 1502 1878 sibi
1547 1814 1861 1878 defutura.
1927 1813 2049 1878 Sed
2094 1832 2242 1877 cum
2287 1812 2530 1877 domini
2576 1811 2652 1875 de
2688 1809 2971 1892 capitulo

612 1919 675 1982 et
719 1920 1007 2002 equester
1072 1919 1373 1984 dioecesis
1436 1919 1950 1984 Monasteriensis
2010 1918 2159 1983 ordo
2206 1918 2274 1982 in
2344 1915 2754 1982 retundendis
2825 1914 2970 1979 istis

611 2023 905 2088 violentis
952 2024 1267 2089 erroribus
1304 2028 1368 2090 et
1400 2024 1771 2090 rebelli*bus
1810 2026 1888 2090 ad
1922 2023 2344 2090 obedientiam
2391 2023 2755 2088 revocandis
2790 2020 2971 2085 auxi-

609 2128 771 2193 lium
817 2130 942 2194 sibi
987 2129 1360 2212 addixerint,
1410 2131 1465 2195 si
1511 2130 1682 2195 idem
1726 2133 1933 2196 exules
1980 2131 2147 2195 cives
2194 2130 2429 2195 facturi
2475 2129 2632 2209 sint,
2683 2146 2748 2192 se
2795 2127 2969 2209 ipsos

608 2254 720 2318 per
764 2234 883 2299 Dei
927 2236 1200 2318 gratiam
1247 2235 1327 2300 ad
1373 2255 1516 2301 suos
1562 2240 1820 2319 penates
1867 2239 1930 2302 et
1973 2239 2139 2302 bona
2183 2237 2614 2301 reducturum.

819 2339 921 2403 Ad
966 2340 1119 2404 haec
1166 2343 1309 2424 post
1353 2343 1607 2406 brevem
1654 2343 2172 2408 deliberationem
2219 2342 2386 2407 cives
2429 2338 2840 2422 respondent:
2891 2338 2970 2402 Se

609 2445 677 2510 in
723 2446 1149 2527 recuperanda
1194 2448 1349 2510 urbe
1398 2449 1461 2511 et
1507 2447 1824 2513 seditiosis
1872 2449 2170 2513 monstris
2218 2447 2549 2512 domandis
2604 2465 2717 2529 pro
2765 2443 2971 2509 facul-

608 2554 818 2617 tatum
850 2554 912 2616 et
943 2552 1180 2616 virium
1210 2553 1394 2618 modo
1441 2555 1719 2637 principi
1761 2556 1921 2619 serio
1955 2556 2260 2620 affuturos
2294 2575 2406 2619 nec
2440 2555 2645 2619 solum
2678 2573 2743 2617 se
2776 2570 2972 2634 opum

609 2676 884 2738 suarum,
933 2678 1154 2722 verum
1186 2659 1378 2723 etiam
1410 2660 1575 2724 vitae
1607 2661 2030 2744 dispendium,
2081 2661 2137 2725 si
2169 2680 2267 2726 res
2309 2663 2545 2745 poscat,
2593 2660 2661 2723 in
2692 2657 2973 2742 gratiam

606 2764 912 2846 principis
958 2764 1253 2829 facturos,
1316 2765 1488 2829 Haec
1532 2767 1769 2831 civium
1817 2767 2137 2849 responsio
2184 2768 2249 2830 et
2292 2765 2734 2832 benevolentia
2778 2764 2971 2828 vehe-

606 2871 850 2934 menter
880 2869 1157 2952 principi
1187 2870 1446 2953 placuit.
1515 2872 1599 2937 Et
1630 2891 1777 2937 cum
1809 2873 2090 2938 civitatis
2122 2872 2506 2937 munitiones
2540 2870 2740 2935 nullis
2774 2888 2970 2953 aeque

607 2977 794 3058 atque
840 2976 1084 3041 civibus
1133 2977 1264 3041 sint
1309 2976 1660 3058 exploratae
1702 2980 1765 3042 et
1811 2978 2116 3059 cognitae,
2166 2977 2347 3060 petit,
2397 2996 2475 3040 ne
2523 2975 2657 3040 suis
2708 2975 2971 3040 consili-

607 3081 757 3145 ariis
805 3101 876 3146 ac
923 3082 1192 3146 militiae
1238 3082 1572 3164 praefectis
1620 3102 1732 3147 suo
1764 3083 2026 3148 consilio
2073 3081 2285 3147 deesse
2331 3082 2694 3165 graventur,
2745 3083 2820 3146 ut
2867 3081 2972 3145 in-

605 3187 918 3269 telligant,
968 3188 1200 3269 quibus
1234 3188 1301 3251 in
1332 3188 1486 3252 locis
1533 3189 1686 3253 urbs
1719 3189 1806 3253 sit
1844 3188 2156 3253 infirmior
2187 3190 2252 3252 et
2283 3187 2649 3271 expugnatu
2693 3186 2967 3252 facilior.

606 3291 786 3371 Quod
833 3312 898 3356 se
944 3292 1217 3357 libenter
1260 3292 1538 3358 facturos
1586 3293 1921 3376 recipiunt.

817 3397 973 3462 Inde
1022 3417 1165 3462 cum
1235 3399 1547 3464 senatores
1602 3399 1891 3482 plerique
1936 3399 2006 3463 in
2052 3399 2206 3463 urbe
2250 3398 2522 3462 militari
2588 3398 2971 3481 disciplinae

605 3501 828 3567 darent
874 3521 1124 3584 operam
1171 3522 1370 3586 neque
1407 3523 1539 3568 sese
1571 3504 1780 3569 causis
1828 3504 2180 3568 forensibus
2228 3507 2291 3567 et
2337 3503 2637 3569 civilibus
2684 3504 2973 3568 multum

603 3606 1025 3688 implicarent,
1074 3627 1291 3672 eorum
1322 3609 1663 3674 auctoritas
1714 3608 2024 3690 paulatim
2067 3608 2135 3672 in
2167 3608 2325 3673 urbe
2357 3608 2626 3674 vilescit.
2697 3608 2971 3674 Ioannes

605 3713 817 3775 autem
862 3713 1243 3778 Matthisson
1308 3712 1614 3795 propheta
1657 3716 1793 3777 tam
1839 3732 2015 3778 sacra
2058 3732 2247 3796 quam
2293 3714 2558 3796 profana
2618 3702 2746 3779 sibi
2794 3733 2971 3779 arro·

605 3818 796 3899 gabat
858 3817 1121 3900 ideoque
1168 3818 1428 3883 eximiae
1485 3818 1653 3900 apud
1706 3819 2016 3902 populum
2084 3819 2485 3885 auctoritatis
2532 3822 2598 3885 et
2642 3821 2973 3886 existima-

602 3922 796 3988 tionis
864 3944 997 3989 esse
1042 3925 1248 4006 coepit
1313 3924 1642 4008 plurisque
1704 3924 1781 3988 fit
1826 3942 2017 4007 quam
2085 3924 2258 3989 ullus
2329 3927 2684 3992 consulum.
2782 3926 2967 3991 Nihil

603 4027 773 4092 enim
818 4047 1018 4111 neque
1065 4029 1235 4092 domi
1281 4048 1479 4113 neque
1527 4029 1679 4094 foris
1751 4029 1964 4111 agitur
2009 4030 2146 4112 ipso
2216 4050 2342 4096 non
2390 4032 2681 4098 consulto
2701 4036 2745 4098 ¹.
2842 4032 2971 4098 Hic

820 4221 862 4288 ¹)
897 4219 1053 4273 Auch
1087 4220 1156 4275 Η.
1203 4218 1549 4274 Gresbcck
1584 4221 1639 4276 S.
1666 4222 1735 4273 ‘23
1773 4226 1899 4290 sagt
1937 4238 2002 4275 zu
2039 4222 2216 4277 dieser
2253 4224 2399 4279 Zeit:
2443 4225 2658 4291 „Johan
2696 4226 2969 4281 Matthias

601 4322 713 4359 was
766 4308 869 4360 mit
920 4306 1027 4361 den
1063 4308 1232 4362 irsten
1289 4307 1386 4361 der
1433 4312 1643 4362 overste
1697 4309 1943 4379 prophet.
2015 4310 2200 4365 Johan
2234 4328 2339 4367 von
2376 4313 2583 4368 Leiden
2640 4332 2710 4370 en
2746 4333 2859 4370 was
2899 4314 2968 4369 do
