3259 5075
1223 291 1404 358 Anno
1460 294 1629 357 1534
1674 294 1834 358 acta.
2576 295 2612 358 7
2616 294 2704 360 0⁷

564 468 849 534 *Horum
881 468 1171 535 omnium
1210 468 1612 533 doctissimus
1645 489 1716 533 ac
1747 468 2300 552 eloquentissimus
2346 469 2474 534 fuit
2503 470 2701 552 Klop-

348 574 542 640 risius
562 578 585 614 ¹
632 574 702 639 in
732 576 1019 658 paroecia
1047 576 1373 658 Boentrup
1421 577 1599 658 patre
1637 577 1873 640 sartore
1918 594 2110 657 prope
2142 574 2411 640 Wellem
2443 573 2702 663 domum

346 680 839 747 Teutonicorum
884 682 1211 746 habitante
1252 683 1436 746 natus
1458 682 1499 763 ²,
1549 681 1660 765 qui
1708 681 2049 746 Buricenae
2096 681 2174 746 ad
2220 681 2463 765 aliquot
2508 701 2701 746 annos

349 788 774 853 concionatur.
869 787 1029 853 Cum
1098 787 1389 871 Zwinglii
1458 787 1810 853 doctrinam
1878 787 2219 869 docuisset,
2292 789 2418 853 dux
2464 788 2703 854 Cliviae

350 894 484 958 suis
530 893 880 959 ditionibus
941 893 1043 959 illi
1088 895 1500 960 interdixerat
1516 895 1559 959 ⁸.
1656 893 1949 959 Coloniae
2018 894 2163 959 inde
2209 896 2466 978 propter
2534 894 2704 959 idem

348 999 624 1064 schisma
670 1000 893 1081 captus
940 1000 1137 1065 trium
1168 1001 1449 1065 virorum
1497 1001 1731 1065 auxilio
1762 1019 2004 1065 carcere
2051 1001 2356 1065 liberatus
2403 1002 2500 1066 est
2544 1000 2702 1065 effu-

346 1107 568 1190 gitque
585 1109 628 1171 ⁴.
724 1107 994 1172 Proinde
1042 1126 1241 1190 neque
1303 1106 1402 1170 illi
1447 1108 1629 1171 tutus
1695 1106 1763 1170 in
1809 1105 2077 1171 dioecesi
2123 1105 2480 1171 Coloniensi
2525 1105 2701 1170 locus

348 1212 494 1276 fuit.
561 1212 764 1291 Quare
813 1232 955 1277 cum
1003 1212 1345 1279 transactio
1391 1212 1559 1277 inter
1605 1212 1973 1295 episcopum
2004 1214 2068 1278 et
2113 1211 2439 1277 civitatem
2483 1212 2704 1275 Mona-

351 1318 723 1383 steriensem
764 1319 1118 1402 Telgeticae
1187 1318 1578 1400 captivitatis
1648 1318 1899 1383 nomine
1963 1318 2168 1397 fieret,
2244 1317 2704 1382 Monasterium

348 1424 672 1507 ingressus
720 1427 818 1489 est
862 1424 1078 1509 ibique
1123 1424 1190 1489 in
1223 1424 1445 1507 vigilia
1487 1424 1711 1489 Trium
1756 1425 2000 1508 Regum
2045 1443 2206 1488 anno
2259 1425 2430 1488 1534
2476 1441 2514 1486 a
2542 1424 2702 1487 Bar-

348 1529 705 1594 tholomaeo
765 1530 1020 1595 Neteler
1087 1530 1402 1595 Hellando
1472 1531 1781 1595 retinctus
1850 1533 1947 1595 est
1962 1533 2005 1595 ⁶.
2100 1530 2269 1595 Hinc
2331 1528 2704 1594 Wendelam

349 1635 607 1715 Hexam,
681 1654 838 1719 quae
884 1635 985 1699 illi
1032 1637 1205 1700 extra
1248 1636 1609 1718 legitimum
1656 1635 2135 1701 matrimonium
2180 1638 2452 1720 quatuor
2495 1636 2701 1718 proles

347 1741 697 1805 Buricenae
740 1743 1090 1823 pepererat,
1157 1740 1235 1805 ad
1283 1760 1348 1805 se
1394 1761 1506 1824 per
1551 1741 1767 1806 literas
1830 1744 2080 1806 revocat
2125 1743 2189 1806 et
2234 1760 2380 1806 cum
2425 1761 2496 1806 ea
2542 1740 2701 1824 legi-

347 1845 541 1911 timas
587 1846 842 1929 nuptias
889 1846 1166 1911 celebrat
1183 1848 1226 1927 ⁶,
1277 1846 1383 1911 cui
1427 1867 1587 1928 mox,
1640 1867 1715 1912 ne
1761 1866 1800 1912 a
1827 1846 2279 1912 consuetudine
2325 1846 2703 1912 Monasteri-

346 1951 596 2017 ensium
641 1952 1014 2036 degenerare
1060 1953 1366 2035 videatur,
1416 1954 1838 2037 Margaretam
1884 1953 2199 2037 quandam
2244 1953 2536 2037 adiungit
2554 1956 2596 2018 ⁷.

561 2059 733 2124 Haec
765 2059 878 2123 ubi
924 2059 1216 2142 princeps
1248 2078 1286 2123 a
1315 2059 1662 2141 transfugis
1695 2061 1759 2123 et
1789 2059 2046 2142 publica
2089 2060 2257 2125 fama
2286 2059 2698 2143 cognovisset,

348 2165 429 2229 ad
476 2183 688 2230 omnes
736 2167 1014 2248 satrapas
1055 2169 1118 2230 01
1162 2165 1507 2248 praefectos
1554 2164 1857 2230 dioecesis
1906 2166 2200 2231 scribit⁸:
2249 2165 2409 2231 Cum
2440 2185 2511 2230 ex
2543 2166 2701 2230 urbe

346 2270 528 2335 missi
577 2272 708 2336 sint
752 2271 1237 2351 concionatores,
1285 2273 1359 2335 ut
1405 2271 1715 2354 populum
1760 2271 1996 2354 passim
2043 2272 2345 2337 seducant
2389 2273 2454 2337 et
2498 2271 2564 2335 in
2612 2270 2700 2337 si-

346 2376 567 2441 milem
613 2395 883 2442 errorem
950 2376 1327 2460 protrahant
1393 2377 1888 2460 seditionemque
1958 2376 2255 2459 excitent,
2326 2378 2493 2442 unde
2538 2376 2700 2442 varii

345 2486 558 2549 motus
607 2486 669 2550 et
713 2503 926 2549 rerum
985 2502 1289 2549 novarum
1347 2483 1708 2550 molitiones
1756 2503 2068 2569 emergere
2137 2485 2413 2568 possint,
2485 2485 2700 2569 itaque

564 2784 604 2853 ι)
640 2784 727 2839 113
762 2784 1168 2841 Verzeichnisse
1204 2784 1300 2839 der
1336 2784 1561 2855 Apostel
1598 2786 1674 2839 ist
1708 2785 1745 2839 J
1748 2784 1836 2840 oh.
1873 2784 2115 2854 Klopril's
2160 2789 2403 2855 3033331
2442 2789 2698 2855 „pr-ester,

346 2873 647 2944 predicant,
702 2873 1088 2928 furnemste
1144 2877 1355 2944 neget
1407 2873 1676 2928 Berndt
1727 2873 2172 2928 Rothmann.“
2249 2873 2354 2928 Die
2408 2874 2701 2942 folgenden

346 2961 717 3017 Einzelheiten
758 2978 856 3017 3113
893 2962 1015 3016 dem
1052 2962 1233 3017 Leben
1271 2962 1365 3016 des
1403 2960 1439 3015 J
1441 2962 1528 3016 oh.
1552 2961 1796 3032 Klopriss
1834 2963 2124 3017 0313131131
2160 2962 2342 3017 Kerss.
2379 2962 2569 3017 dessen
2595 2963 2700 3017 Be·

346 3050 697 3105 kenntniseen
736 3051 848 3120 (bei
884 3049 937 3104 J.
974 3050 1284 3105 Niesert:
1324 3050 1473 3105 U.-S.
1511 3049 1560 3105 I.
1598 3050 1653 3105 S.
1697 3050 1798 3104 102
1818 3049 1919 3114 fil).
1980 3051 2161 3105 Ueber
2195 3050 2290 3104 ihn
2328 3069 2370 3105 s.
2407 3050 2700 3105 besonders

346 3137 408 3193 C.
434 3139 499 3193 A.
525 3137 919 3193 Cornelius:
958 3138 1033 3193 M.
1058 3138 1123 3194 A.
1160 3138 1239 3192 ΙΙ.
1277 3138 1334 3193 S.
1370 3138 1537 3192 344f.
1574 3138 1688 3192 und
1725 3139 1782 3192 in
1821 3139 1917 3193 der
1956 3139 2218 3209 „Allgem.
2244 3138 2539 3193 deutschen
2572 3139 2700 3192 Bio-

347 3227 606 3299 graphie“
646 3227 747 3283 Bd.
776 3228 843 3282 16
883 3228 1129 3298 (Leipzig
1157 3226 1315 3295 1882)
1357 3227 1411 3282 S.
1438 3229 1543 3281 209
1563 3228 1638 3296 ff.,
1677 3229 1837 3282 sowie
1869 3225 1927 3283 C.
1955 3228 2127 3282 Kraf
2132 3228 2160 3281 f
2169 3231 2216 3282 t:
2254 3228 2358 3283 Die
2386 3227 2579 3283 Gesch.
2604 3227 2701 3282 der

346 3316 617 3386 Mirtyrer
645 3357 658 3370 .
680 3355 693 3368 .
714 3356 728 3370 .
766 3315 831 3371 A.
857 3314 1193 3370 Clarenbach
1229 3315 1343 3369 und
1366 3315 1428 3370 P.
1453 3315 1764 3370 Fliesteden
1790 3315 2091 3385 (Elberfeld
2123 3315 2300 3385 1886),
2337 3317 2449 3372 bes.
2475 3315 2530 3371 S.
2555 3315 2698 3371 2111.

564 3403 607 3472 ²)
645 3403 805 3459 Siehe
860 3402 913 3459 J.
949 3403 1003 3457 N
1017 3405 1115 3458 ies
1131 3407 1238 3458 ert
1290 3421 1340 3459 a.
1367 3420 1418 3458 a.
1444 3403 1509 3459 Ο.
1547 3403 1600 3458 S.
1646 3405 1763 3459 130.
1837 3405 2091 3459 Gemeint
2143 3404 2267 3459 sind
2320 3405 2550 3475 Bottrop
2587 3404 2700 3458 und

348 3491 631 3547 Welheim.
671 3521 737 3531 —
795 3491 841 3562 ⁸)
879 3491 934 3547 S.
971 3492 1222 3548 ebendas.
1262 3491 1317 3547 S.
1358 3492 1516 3548 1031.
1569 3522 1637 3530 —
1695 3492 1739 3558 ⁴)
1776 3493 1831 3548 S.
1870 3492 2122 3548 ebendas.
2163 3492 2219 3549 S.
2261 3493 2379 3550 107.

562 3580 607 3649 ⁵)
644 3580 698 3636 S.
737 3580 987 3635 ebendas.
1025 3579 1080 3635 S.
1124 3581 1240 3634 131.
1313 3580 1541 3635 Danach
1589 3580 1690 3635 1131
1726 3597 1785 3635 er
1825 3581 1953 3647 „das
1991 3581 2293 3651 usswendig
2348 3581 2566 3635 zeichen
2603 3582 2698 3636 des

347 3686 570 3724 vassers
626 3669 919 3740 entfangen
977 3685 1044 3723 zu
1082 3669 1329 3723 Munster
1381 3686 1482 3723 von
1537 3669 1923 3724 Bartholomeo
1961 3686 2060 3724 3113
2096 3669 2362 3724 Hellandt
2409 3670 2475 3723 uf
2524 3670 2701 3725 abend

346 3757 557 3828 Regum
593 3774 734 3812 anno
776 3757 963 3812 1534.“
1005 3786 1072 3796 —
1130 3756 1175 3823 ⁸)
1211 3756 1266 3813 S.
1305 3757 1557 3813 ebendas.
1594 3757 1653 3814 S.
1692 3758 1811 3815 131.

562 3846 606 3915 ⁶¹)
642 3845 768 3900 Joh.
792 3845 1036 3916 Klopril's
1072 3845 1313 3900 bekennt
1335 3845 1568 3900 dariiber
1603 3845 1797 3902 3.3.Ο.
1822 3845 1876 3901 S.
1910 3846 2027 3915 134,
2066 3863 2124 3900 er
2153 3845 2290 3912 „hab
2318 3862 2384 3900 zu
2408 3846 2505 3901 der
2528 3847 2700 3901 1131011

346 3933 659 3988 1111113113πο
696 3932 943 3988 Wendell
980 3932 1121 3989 noch
1161 3935 1247 3988 ein
1285 3950 1535 4004 gnomen,
1573 3937 1749 4004 gnant
1787 3933 1958 4001 Griet,
1997 3933 2109 3988 und
2146 3951 2205 3988 01·
2227 3934 2388 3988 wolte
2425 3934 2595 3989 lieber
2632 3951 2700 3989 zu

344 4023 514 4078 Rome
569 4022 685 4078 sein
722 4039 955 4093 gangen,
1011 4022 1119 4077 dan
1156 4022 1244 4078 die
1281 4040 1627 4093 genommen;
1685 4023 1798 4077 und
1833 4022 1921 4077 die
1959 4022 2116 4077 Griet
2151 4040 2214 4093 sy
2251 4022 2504 4077 desmails
2559 4022 2700 4077 noch

346 4114 533 4181 313301
567 4127 828 4181 30110303,
866 4112 996 4166 aber
1032 4128 1092 4165 01·
1127 4110 1236 4165 hab
1272 4112 1362 4166 bie
1399 4110 1495 4166 der
1530 4112 1617 4166 nit
1653 4112 1788 4165 uber
1822 4112 1857 4165 2
1894 4110 2062 4165 330111
2096 4110 2498 4181 geschlaiffen.“

560 4200 604 4265 ⁸)
641 4199 753 4253 Aue
792 4198 1050 4254 Wolbeck
1104 4215 1193 4253 313
1234 4199 1317 4252 17.
1358 4198 1610 4255 October.
1683 4198 2034 4269 Abgedruckt
2087 4198 2228 4253 nach
2274 4198 2395 4254 dem
2450 4199 2701 4269 Konzept

344 4288 422 4341 im
458 4287 628 4344 St.-A.
668 4288 744 4344 M.
778 4288 867 4342 bei
904 4288 966 4344 L.
1004 4287 1269 4343 Keller:
1309 4287 1377 4345 G.
1413 4288 1466 4345 d.
1502 4287 1587 4344 W.
1624 4289 1680 4344 S.
1718 4288 1823 4342 322
1840 4287 1880 4342 f.

2481 4375 2606 4442 21*

2728 488 2825 561 ¹'p.
2862 488 2992 546 551.
