3259 5075
1199 323 1383 388 Anno
1435 324 1605 388 1534
1652 324 1811 389 acta.
2549 325 2681 390 643

327 499 553 565 miscet
573 501 615 565 ¹.
708 498 952 579 Quibus
999 499 1186 563 rebus
1232 498 1324 563 ita
1369 497 1700 582 ingenium
1747 518 1936 563 suum
1981 497 2275 582 exercuit„
2324 499 2415 563 ita
2459 498 2680 564 facun-

328 605 500 669 diam
547 605 851 669 sermonis
920 604 1238 670 illecebris
1296 604 1473 669 auxit
1517 606 1583 669 et
1627 604 2050 687 confirmavit,
2114 605 2208 670 ita
2253 606 2573 671 solertiam
2617 608 2683 671 et

328 711 677 776 versutiam
722 710 1011 793 miscuit,
1059 712 1161 792 ut,
1229 710 1298 774 in
1345 729 1784 794 quamcunque
1829 713 2076 794 partem
2118 711 2303 793 velit,
2375 712 2683 795 populum

330 817 580 882 flectere
623 816 843 900 possit.
906 817 1212 899 Profecto,
1263 818 1620 882 monstrum
1666 837 1738 882 ex
1784 817 2132 882 virtutibus
2179 817 2478 902 vitiisque
2521 818 2683 883 mix-

329 925 471 988 tum
519 923 758 988 diceres
780 925 820 988 ².
884 923 961 988 In
1008 924 1200 988 sacris
1248 923 1439 988 etiam
1483 922 1710 1006 literis,
1761 924 2029 988 maxime
2076 924 2349 1007 biblicis,
2399 926 2682 989 versatus

549 1117 566 1146 ¹
571 1126 591 1185 )
628 1116 749 1170 Nur
785 1134 890 1171 von
925 1117 1106 1170 Keras.
1146 1115 1477 1171 iiberliefert.
1540 1115 1610 1171 H.
1650 1117 1697 1170 G
1712 1134 1779 1171 re
1797 1118 1867 1170 sb
1882 1117 1996 1171 eck
2035 1118 2088 1172 S.
2121 1117 2223 1172 168
2259 1117 2529 1172 berichtet
2564 1133 2684 1186 uns,

332 1205 432 1258 wie
468 1204 504 1258 J
507 1205 687 1259 ohann
725 1208 908 1274 spater
961 1206 1036 1258 im
1072 1204 1245 1259 Dome
1283 1221 1348 1258 zu
1386 1205 1634 1259 Miinstor
1688 1205 1777 1260 die
1813 1205 2126 1275 Erzahlung
2167 1223 2271 1260 von
2309 1206 2431 1260 dem
2466 1205 2686 1260 reichen

330 1293 531 1347 Manne
567 1292 680 1346 und
716 1293 836 1346 dem
875 1309 1057 1347 armen
1096 1292 1333 1346 Lazarus
1369 1292 1728 1346 theatralisch
1767 1310 1862 1346 zur
1896 1293 2242 1364 Auffuhrung
2275 1294 2504 1364 bringen
2543 1293 2684 1348 liel’s.

331 1381 457 1451 vgl.
497 1381 636 1435 auch
672 1381 725 1436 J.
766 1380 1173 1450 Schwering
1211 1398 1258 1434 a.
1280 1397 1329 1435 a.
1351 1380 1415 1435 Ο.
1454 1380 1509 1435 S.
1550 1382 1615 1434 18
1636 1380 1676 1435 f.

548 1467 591 1534 ²)
628 1468 749 1524 Von
785 1468 890 1522 den
929 1469 1314 1536 Zeitgenosscn
1352 1467 1477 1524 sind
1513 1484 1615 1521 uns
1653 1485 1756 1523 nur
1793 1468 1917 1522 sehr
1950 1469 2158 1539 wenige
2196 1467 2520 1538 allgemeine
2546 1467 2686 1522 Cha-

331 1557 827 1627 raktcrisierungen
883 1557 979 1610 der
1032 1556 1464 1610 Persiinlichkeit
1517 1556 1553 1609 J
1555 1556 1782 1610 ohann’s
1818 1574 1869 1611 v.
1906 1557 2108 1611 Leiden
2170 1556 2500 1612 iiberliefert.
2573 1556 2686 1611 Das

332 1645 623 1714 Flugblatt
663 1646 806 1712 „Der
830 1648 1026 1714 gantze
1052 1643 1252 1698 handel
1289 1643 1400 1698 und
1426 1645 1739 1715 geschicht“
1781 1643 1867 1699 Bl.
1895 1645 1941 1699 Α
1963 1647 1996 1700 2
2033 1648 2206 1699 nennt
2241 1645 2336 1699 ihn
2378 1661 2530 1710 „von
2569 1661 2686 1698 an-

335 1732 633 1803 gesicht‚
687 1733 980 1800 lcbssen,
1016 1732 1401 1800 vernnnfst,
1459 1734 1821 1802 gesprach‚
1877 1733 2383 1803 stoltzigkeyt‚
2438 1732 2687 1787 behen-

337 1821 651 1891 digkeyt‚
707 1820 929 1874 kiinen
968 1819 1211 1874 thaten
1249 1820 1383 1874 und
1420 1820 1851 1891 anschlcgen
1905 1821 2317 1890 ausbiindig‚
2368 1821 2522 1875 edel
2558 1819 2689 1875 und

333 1908 884 1980 wolgeschickt.“
962 1908 1124 1962 Dicse
1163 1907 1594 1963 Charakteristik
1630 1910 1708 1962 ist
1742 1925 1846 1963 von
1903 1909 2273 1963 Sebastian
2310 1908 2576 1962 Franck
2631 1910 2689 1962 in

336 1999 484 2052 scine
511 1996 748 2050 Chronik
775 1997 1157 2050 iibernommen
1182 1996 1414 2051 worden.
1442 2025 1509 2035 —-
1534 1996 1681 2050 Ant.
1709 1996 1948 2050 Corvin
1987 1996 2226 2050 schreibt
2251 2012 2321 2049 an
2347 1996 2411 2051 G.
2438 1996 2691 2066 Spalatin

335 2087 469 2141 iiber
504 2084 540 2139 J
543 2084 723 2138 ohann
762 2084 870 2152 (Bl.
896 2083 942 2138 A
960 2083 1044 2152 4):
1089 2085 1252 2151 „Fuit
1289 2086 1431 2139 enim
1468 2085 1526 2138 in
1564 2084 1934 2155 excogitandis
1971 2086 2057 2153 iis,
2096 2101 2235 2155 quae
2271 2083 2511 2154 regalem
2548 2085 2690 2138 hanc

335 2190 587 2244 pompam
614 2172 894 2241 decebant,
932 2174 1100 2227 mirus
1126 2173 1346 2238 artifex;
1385 2173 1455 2226 ad
1491 2172 1625 2227 haec
1662 2175 1733 2226 in
1771 2175 2011 2243 patria
2045 2173 2293 2243 lingua
2329 2172 2690 2243 facundus,

337 2260 698 2329 subdolus,
756 2261 1256 2315 fraudulentus
1308 2265 1377 2316 et
1428 2262 1901 2331 versipellis.“
1975 2262 2075 2315 Bei
2115 2261 2461 2331 Ersffihnung
2516 2262 2691 2315 seines

339 2349 674 2420 Gespraches
711 2350 814 2403 mit
847 2349 912 2403 B.
949 2348 1405 2419 Knipperdolling
1441 2348 1553 2402 und
1589 2349 1654 2403 B.
1691 2349 1994 2419 Krechting
2031 2349 2156 2419 siigt
2192 2366 2251 2403 er
2285 2349 2371 2403 Bl.
2409 2350 2454 2403 B
2474 2350 2509 2403 4
2560 2351 2693 2403 iiber

339 2438 487 2492 diese
524 2438 713 2492 hinzu:
758 2476 803 2504 ,,.
829 2479 839 2489 .
864 2478 877 2491 .
914 2454 1139 2507 neque
1191 2437 1610 2491 calliditate
1665 2454 1880 2507 neque
1919 2436 2256 2491 facundia
2302 2439 2454 2507 regi
2490 2453 2692 2507 pares

337 2527 578 2582 fuere.“
657 2557 723 2565 —
798 2524 857 2581 C.
909 2525 1307 2581 Heresbach
1364 2526 1420 2581 S.
1469 2526 1534 2579 15
1595 2525 1859 2581 schildcrt
1911 2525 2006 2581 ihn
2062 2526 2144 2580 als
2207 2527 2364 2581 einen
2425 2525 2694 2597 Jfingling

343 2615 554 2683 „vafri
608 2616 914 2684 ingenii,
953 2616 1098 2670 oris
1139 2618 1204 2669 et
1240 2616 1544 2684 spiritus
1582 2616 1863 2685 gratiae
1911 2614 2281 2684 plurimum
2318 2615 2694 2669 confidens

341 2709 409 2759 et
462 2704 542 2757 ad
594 2720 702 2758 res
758 2720 974 2757 novas
1028 2704 1321 2773 ingenio
1376 2705 1716 2773 apposit0,
1773 2707 2132 2757 caeterum
2185 2701 2521 2757 indoctus
2559 2743 2571 2756 .
2601 2742 2614 2755 .
2641 2703 2691 2756 .“

346 2793 483 2859 „Qui
523 2808 645 2845 cum
681 2793 891 2861 magico
930 2792 1030 2846 hoc
1055 2793 1232 2861 rege,“
1275 2791 1517 2845 schreibt
1550 2791 1862 2846 Heresbach
1900 2791 1956 2845 S.
1981 2792 2051 2844 22
2087 2792 2289 2858 weitor‚
2332 2789 2492 2857 „dum
2517 2790 2695 2845 adhuc

340 2881 574 2935 Ioannes
612 2881 906 2950 Leydensis
962 2884 1104 2935 esset
1158 2881 1446 2934 vestiarius
1501 2882 1557 2933 et
1613 2896 1796 2933 scurra
1852 2878 2195 2947 vaferrimus,
2251 2879 2696 2932 consuetudinem

341 2969 665 3037 habuerunt,
705 2967 993 3022 eundem
1030 2968 1110 3021 ad
1147 2967 1768 3022 comminiscendas
1805 2968 2223 3037 imposturas
2259 2968 2488 3021 mirum
2528 2967 2695 3021 arti-

342 3058 545 3112 ficem
603 3075 676 3111 ac
730 3056 961 3111 veluti
1017 3059 1256 3110 natum
1314 3056 1832 3111 affirmabant.“
1894 3083 1962 3094 —
2017 3055 2088 3109 H.
2124 3055 2366 3109 Bullin
2383 3072 2527 3124 ger:
2585 3055 2698 3109 Der

344 3145 729 3200 Widertauffer
765 3162 1035 3215 ursprung
1062 3186 1106 3199 ..
1132 3184 1145 3198 .
1183 3145 1403 3214 (Ziirich
1436 3146 1592 3211 1560)
1634 3145 1688 3200 S.
1715 3145 1785 3197 5⁶2
1822 3143 1956 3198 fasst
1983 3144 2079 3198 das
2104 3143 2284 3198 Urteil
2321 3144 2454 3198 iiber
2477 3143 2697 3198 Johann

343 3236 400 3289 in
438 3234 525 3288 die
564 3234 750 3288 Worte
788 3250 1113 3302 zusammen,
1172 3250 1229 3286 er
1264 3250 1376 3287 war
1415 3233 2038 3303 „scharpffsinnig,
2093 3231 2218 3285 wol
2256 3230 2510 3286 beredt
2561 3230 2698 3285 und

344 3321 620 3377 zimlich
673 3322 993 3390 belasen,
1050 3320 1262 3375 darzu
1299 3338 1408 3376 ser
1443 3321 1828 3391 geschwind
1883 3320 2014 3374 und
2050 3320 2289 3390 listig,
2345 3319 2513 3374 auch
2550 3320 2701 3374 fast

343 3412 605 3478 frarem,
670 3410 843 3464 doch
905 3427 1051 3465 wun
1070 3409 1477 3465 derbarlich
1536 3408 2095 3479 glychssncrisch
2149 3409 2288 3463 und
2343 3408 2693 3478 anharigf‘

343 3499 497 3553 Auch
534 3500 596 3556 L.
633 3499 686 3552 H
701 3502 853 3553 orte
868 3517 903 3553 n
921 3517 946 3553 s
961 3500 978 3552 i
995 3516 1067 3553 us
1107 3499 1160 3553 S.
1200 3501 1269 3552 26
1288 3499 1327 3553 f.
1366 3502 1514 3568 sagt:
1560 3497 1812 3564 „Indoles
1848 3498 2015 3552 fuisse
2053 3498 2267 3552 videtur
2320 3497 2483 3567 plane
2520 3496 2698 3550 illibe-

344 3588 494 3657 ralis,
551 3588 928 3656 inverecunda,
969 3588 1161 3656 audax,
1216 3589 1496 3658 potentiae
1533 3587 1694 3641 avida
1731 3591 1787 3641 et
1825 3589 1879 3642 in
1916 3587 2199 3641 libidinem
2254 3603 2442 3656 prona.
2513 3585 2598 3639 Ad
2635 3601 2702 3639 ea

345 3678 576 3731 accessit
627 3678 907 3747 ingenium
963 3676 1250 3731 subdolum
1300 3676 1370 3730 ad
1419 3676 1784 3730 simulandum
1825 3679 1882 3729 et
1925 3674 2377 3729 dissimulandum
2433 3673 2703 3744 quidlibet

344 3770 670 3835 promptum,
728 3764 948 3818 beluina
984 3767 1116 3819 item
1172 3765 1427 3819 ferocitas
1465 3766 1522 3818 in
1560 3781 1670 3832 eoa,
1707 3765 1765 3818 in
1803 3781 1936 3833 quos
1974 3764 2258 3833 imperium
2296 3765 2455 3829 esset,
2495 3762 2543 3815 si
2576 3777 2700 3830 pec·

346 3856 528 3907 catum
567 3853 862 3907 admissum
897 3852 1108 3908 fuisset.
1165 3854 1316 3918 Quae
1353 3854 1534 3906 omnia
1569 3853 1707 3907 vitia
1744 3852 2048 3906 authoritas
2087 3851 2280 3905 crediti
2318 3851 2541 3920 spiritus
2578 3865 2700 3918 pro·

344 3943 550 4012 phetici
590 3945 646 3995 et
695 3943 999 3996 reverentia
1052 3941 1214 3995 facile
1272 3941 1534 3996 celabat.“
1577 3969 1645 3979 —-
1701 3941 1812 3994 Der
1866 3940 2115 3994 ausseren
2168 3938 2385 3992 Gestalt
2436 3937 2473 3990 J
2476 3936 2702 3991 ohann's

345 4030 566 4084 widmet
602 4030 749 4084 Joh.
786 4031 1155 4084 Fabricius
1192 4029 1547 4084 Bolandus
1585 4030 1764 4098 einige
1801 4028 1968 4084 Verso
2009 4027 2114 4095 (Bl.
2144 4027 2187 4080 Ο
2218 4026 2311 4094 lv),
2348 4023 2489 4079 nach
2527 4025 2702 4079 denen

346 4120 415 4174 H.
452 4119 813 4173 Hamelmann
854 4119 905 4173 S.
949 4120 1087 4172 1196
1123 4118 1408 4173 berichtet.
1466 4118 1646 4172 Ueber
1678 4115 1940 4172 bildliche
1976 4116 2401 4185 Darstellungen
2438 4115 2473 4169 J
2476 4112 2702 4167 ohann’s

345 4208 404 4261 in
443 4207 881 4277 Kupferstichen,
922 4207 1219 4262 Gemalden
1273 4208 1386 4261 und
1423 4207 1522 4261 auf
1552 4207 1803 4273 Miinzen‚
1859 4205 2148 4260 besonders
2199 4205 2332 4259 iiber
2370 4204 2458 4258 die
2495 4201 2705 4271 Kupfer

346 4294 417 4350 H.
455 4295 844 4365 Aldegrever's‚
882 4297 987 4350 mit
1020 4296 1247 4366 Angabe
1296 4296 1392 4349 der
1427 4295 1835 4364 einschlagigen
1874 4294 2153 4347 Litcratur
2205 4292 2464 4347 handelte
2514 4307 2703 4344 neuer-

345 4383 510 4453 dings
546 4383 598 4439 J.
624 4384 689 4440 B.
725 4383 1076 4438 Nordhoff
1107 4385 1166 4438 in
1203 4383 1307 4438 den
1349 4383 1597 4451 „Bonner
1632 4382 2040 4437 Jahrbiichern“
2083 4381 2219 4436 Heft
2253 4384 2323 4436 96
2344 4397 2398 4436 u.
2418 4381 2487 4435 97
2527 4379 2707 4446 (Bonn

2492 4466 2611 4532 17*
