3259 5075
1151 334 1336 398 Anno
1393 333 1561 398 1533
1606 335 1765 398 acta.
2499 334 2627 397 431

240 532 469 579 coram
516 513 655 576 Deo
702 514 768 576 et
814 513 950 575 toto
998 510 1234 576 mundo
1291 510 1625 576 veritatem
1670 511 1862 575 etiam
1909 528 2057 574 cum
2101 510 2270 575 vitae
2316 510 2634 575 omnium-

246 638 373 703 que
420 637 651 683 rernm
696 616 1031 700 dispendio
1078 617 1523 700 profitebimur
1566 617 1916 700 cogitantes
1963 616 2222 682 interim
2253 617 2382 680 Deo
2429 616 2631 700 magis

246 724 693 789 obediendum
723 742 876 805 esse,
927 741 1116 807 quam
1163 722 1531 788 hominibus
1553 725 1596 788 ¹.
1644 722 1841 789 Vobis
1888 741 2034 806 ergo
2080 722 2474 805 pensandum
2519 723 2632 786 ob-

248 831 617 910 trudimus,
694 849 885 914 quam
932 829 1020 895 sit
1063 829 1495 913 periculosum
1541 829 1822 894 incidere
1867 829 1936 894 in
1980 829 2293 893 iudicium
2349 828 2630 894 Domini.

252 937 493 1007 Omnia
540 939 759 1002 tamen
807 937 972 1001 bona
1016 936 1092 1000 de
1136 935 1318 1001 vobis
1364 954 1708 1019 speramus,
1757 953 1912 1019 quos
1959 934 2370 1017 Omnipotens
2415 934 2485 998 in
2532 934 2635 998 sui

252 1042 594 1126 agnitione
639 1040 735 1106 ita
778 1041 1079 1123 illustret,
1128 1043 1205 1106 ut
1250 1041 1611 1124 respublica
1656 1042 1813 1106 bene
1859 1044 2132 1124 regatur.
2187 1040 2399 1106 Vestri
2445 1059 2635 1106 evan-

248 1147 547 1232 geliique
591 1147 740 1212 Iesu
786 1145 1030 1212 Christi
1073 1146 1358 1211 ministri

669 1251 1076 1317 Bernhardus
1122 1251 1583 1334 Rothmannus,
1632 1253 1896 1317 Ioannes
1942 1251 2314 1335 Cloprisius,

348 1357 745 1425 Godefridus
793 1358 1174 1441 Stralenius,
1230 1358 1545 1423 Henricus
1590 1358 1870 1440 Rollius,
1919 1358 2249 1424 Dionisius
2294 1359 2632 1425 Vinnius.“

482 1481 619 1547 Nec
666 1482 897 1547 minori
966 1481 1179 1547 studio
1225 1483 1291 1547 et
1334 1481 1671 1565 diligentia
1736 1481 1905 1565 apud
1951 1482 2244 1548 tribunos
2313 1483 2637 1549 mechani-

254 1606 616 1671 corumque
663 1587 980 1671 praesides
1018 1607 1131 1672 per
1162 1608 1228 1653 se
1258 1591 1324 1653 et
1353 1607 1501 1654 suae
1531 1587 1828 1653 factionis
1860 1588 2187 1670 satellites,
2236 1609 2392 1673 quos
2426 1591 2638 1656 tamen

256 1695 479 1779 gratia
527 1696 593 1759 et
639 1695 1017 1760 auctoritate
1062 1694 1231 1778 apud
1277 1694 1421 1760 illos
1470 1694 1707 1777 pollere
1752 1694 2046 1759 arbitrati
2092 1696 2260 1776 sunt,
2310 1696 2640 1779 negotium

262 1820 463 1865 suum
509 1802 828 1884 peragunt
872 1801 1180 1883 petentes,
1228 1820 1307 1865 ne
1345 1819 1383 1865 a
1426 1800 1532 1883 pio
1580 1799 1789 1865 officio
1835 1819 1980 1864 cum
2026 1800 2376 1883 ignominia
2419 1803 2484 1867 et
2528 1802 2639 1866 de-

260 1908 495 1973 decore
559 1891 1021 1989 removeantur,
1094 1908 1263 1990 quod
1308 1926 1455 1972 cum
1503 1926 1749 1972 summo
1818 1906 2255 1971 multitudinis
2325 1906 2642 1991 applausu

262 2013 554 2079 fideliter
615 2012 923 2078 hactenus
986 2012 1597 2095 administraverint,
1669 2032 1873 2096 neque
1919 2013 2076 2077 urbe
2122 2012 2303 2096 quasi
2349 2013 2642 2080 scelerosi

260 2123 333 2186 et
378 2119 689 2204 flagitiosi
735 2119 1174 2205 profligentur,
1223 2120 1335 2204 qui
1382 2120 1458 2185 de
1495 2121 1822 2205 republica
1867 2121 2026 2186 bene
2071 2118 2284 2185 meriti
2330 2119 2481 2202 sint,
2530 2118 2643 2203 qui

265 2226 588 2311 plurimos
622 2246 660 2291 a
689 2229 957 2309 papatus
1003 2226 1306 2293 caecitate
1338 2227 1419 2291 ad
1463 2228 1892 2311 evangelicam
1934 2228 2144 2292 lucem
2190 2226 2640 2308 revocaverint,

264 2333 385 2418 qui
430 2332 753 2416 papistica
796 2332 1132 2415 tyrannide
1177 2330 1493 2398 debellata
1540 2352 1806 2416 regnum
1836 2331 2080 2398 Christi
2125 2332 2398 2416 pristino
2446 2332 2642 2398 nitori

269 2437 714 2519 restituerint3
785 2438 954 2503 nihil
999 2458 1066 2504 se
1112 2438 1300 2504 exilio
1363 2438 1631 2522 dignum
1699 2438 2114 2520 commisisse,
2174 2437 2350 2504 nullo
2399 2439 2641 2522 flagitio

266 2545 742 2612 contaminatos
790 2564 943 2626 esse,
992 2545 1120 2610 nisi
1165 2545 1485 2629 flagitium
1531 2545 1618 2609 sit
1652 2545 1917 2610 verbum
1964 2544 2084 2610 Dei
2128 2564 2285 2629 pure
2330 2545 2640 2612 docuisse.

268 2652 479 2735 Atqui
528 2651 585 2716 si
616 2650 735 2716 hoc
782 2651 1101 2734 flagitium
1134 2652 1238 2733 sit,
1288 2671 1354 2717 se
1386 2650 1645 2735 q‘uidem
1689 2651 2217 2735 flagitiosissimos
2258 2671 2391 2717 esse
2422 2655 2485 2718 et
2516 2672 2645 2717 non

270 2758 491 2823 solum
536 2756 744 2838 exilio,
805 2776 1025 2822 verum
1074 2757 1266 2823 etiam
1311 2757 1542 2822 ultimo
1590 2756 1904 2839 supplicio
1953 2756 2358 2840 dignissimos
2405 2758 2644 2842 quique

266 2864 475 2929 variis
523 2881 870 2946 poenarum
911 2863 1249 2946 generibus
1291 2863 1519 2959 affliqcti
1550 2864 1846 2929 continuo
1880 2883 1914 2928 e
1945 2863 2273 2946 republica
2303 2863 2639 2945 tollantur;

268 2990 313 3035 a
342 2989 473 3053 qua
506 2972 719 3033 tamen
764 2968 1094 3051 impietate
1124 2971 1296 3035 Deus
1331 2969 1727 3053 omnipotens
1773 2970 2221 3053 magistratum
2266 2972 2641 3053 praeservet.

270 3076 419 3141 Hoc
466 3074 676 3159 igitur
720 3095 759 3140 a
803 3079 1028 3141 senatu
1094 3075 1501 3158 impetretur,
1551 3077 1625 3140 ut
1671 3075 2058 3159 praedurum
2101 3074 2266 3139 illud
2313 3075 2488 3139 exilii
2534 3075 2644 3140 de·

268 3185 530 3248 cretum
600 3184 887 3247 mutetur
934 3184 998 3247 et
1044 3182 1510 3248 concionatores
1575 3201 1690 3247 suo
1737 3200 1996 3246 munere
2041 3200 2078 3245 a
2120 3182 2253 3246 Deo
2301 3181 2427 3245 sibi
2473 3200 2645 3246 com-

273 3289 478 3353 misso
534 3287 671 3352 sine
737 3289 913 3352 metu
982 3287 1346 3371 fungantur,
1396 3286 1540 3370 *ne,
1591 3287 1648 3353 si
1693 3288 1825 3353 suis
1887 3286 2114 3352 officiis
2186 3287 2635 3371 destituantur,

272 3395 434 3460 haec
483 3394 712 3459 civitas
781 3396 1088 3478 perpetua
1153 3393 1537 3477 ignominiae
1599 3394 1743 3459 labe
1805 3394 1973 3459 inter
2016 3394 2406 3478 evangelicas
2452 3397 2644 3460 urbes

272 3501 543 3566 notetur
585 3502 653 3564 et
696 3500 818 3565 Dei
862 3499 1216 3566 vindictam
1261 3500 1328 3564 in
1377 3518 1442 3565 se
1487 3502 1802 3583 provocet.

499 3605 771 3670 Tribuni
802 3609 1012 3672 autem
1045 3609 1109 3671 et
1138 3606 1649 3671 mechanicorum
1694 3605 2006 3689 magistri,
2055 3605 2225 3690 apud
2257 3625 2411 3689 quos
2442 3606 2646 3672 Roth·

272 3731 556 3778 mannus
626 3731 875 3777 summa
934 3712 1193 3796 quidem
1251 3709 1458 3797 gratia
1520 3711 1854 3795 valuisset,
1904 3712 1960 3777 si
2006 3713 2083 3778 de
2127 3711 2645 3796 paedobaptismo

274 3818 668 3885 sententiam
715 3838 896 3884 suam
962 3821 1299 3901 mutasset,
1369 3818 1470 3884 his
1516 3819 1726 3884 verbis
1788 3819 2060 3902 permoti
2105 3837 2252 3883 cum
2298 3820 2522 3883 senatu
2567 3818 2647 3882 de

274 3924 616 3999 retinendo
659 3925 1062 3991 Rothmanno
1109 3927 1325 4009 agunt.
1418 3925 1672 3991 Placuit
1717 3925 1975 3991 tandem
2019 3924 2266 3990 senatui
2314 3923 2528 4006 ipsum
2573 3943 2650 3990 ea

274 4031 425 4116 lege
469 4031 543 4096 in
573 4031 781 4096 officio
828 4050 943 4097 suo
975 4031 1254 4113 retineri,
1304 4034 1379 4097 ut
1423 4031 1491 4096 in
1537 4031 1947 4098 concionibus
1995 4030 2126 4095 suis
2159 4049 2197 4094 a
2227 4030 2647 4096 controversis

274 4137 563 4202 duorum
630 4139 1168 4203 sacramentorum
1226 4137 1516 4203 articulis
1562 4137 1690 4203 sibi
1748 4155 2009 4221 prorsus
2051 4137 2380 4220 temperet.
2474 4136 2650 4217 Quae

275 4243 544 4308 senatus
591 4242 907 4308 sententia
950 4263 989 4308 a
1032 4242 1312 4308 tribunis
1356 4242 1756 4308 Rothmanno
1803 4242 2215 4328 significatur.

506 4419 548 4488 ¹)
585 4420 726 4475 Acta
760 4420 951 4490 Apost.
989 4419 1040 4489 ὃ,
1078 4419 1165 4474 29.

2667 3304 2696 3333 *
2712 3322 2765 3376 p.
2802 3301 2928 3362 387.
