3259 5075
380 2156 451 2199 26.
477 2150 610 2207 Aug.

647 268 779 331 672
1509 265 1691 331 Anno
1751 267 1915 330 1534
1962 267 2119 329 acta.

640 441 1058 506 clementiam.
1152 440 1246 504 Ad
1297 441 1452 505 haec
1496 441 1953 524 blasphemiam
2005 461 2138 506 esse
2195 440 2512 524 insignem
2559 441 2913 508 existimare
2963 462 3002 507 a

641 567 705 613 se
753 547 1152 613 clementiam
1202 550 1266 612 et
1308 547 1478 612 vitae
1521 547 1903 612 beneficium
1946 547 2236 631 pendere,
2288 547 2399 631 qui
2446 547 2582 631 ipse
2628 548 3001 613 clementiae

640 656 705 719 et
734 654 903 718 vitae
949 654 1130 737 inops
1163 654 1266 718 sit.
1334 653 1659 718 Postremo
1691 672 1757 718 se
1788 652 2031 718 nullius
2078 653 2428 737 impietatis
2476 654 2589 718 aut
2631 654 2998 719 rebellionis

641 761 767 825 sibi
813 760 1093 825 conscios
1141 779 1300 841 esse,
1350 778 1495 823 cum
1540 760 1730 824 verbo
1776 759 1893 824 Dei
1938 761 2200 842 pareant
2244 758 2534 843 illudque
2579 779 2694 842 pro
2741 759 3000 824 vivendi

640 886 859 931 norma
922 866 1213 931 habeant.
1305 867 1528 950 Ipsum
1574 866 1939 950 episcopum
2006 866 2220 949 potius
2267 885 2401 931 esse
2469 865 2742 949 impium
2788 868 2852 930 et
2897 886 2997 931 re-

637 973 888 1055 bellem,
940 972 1051 1056 qui
1080 972 1395 1038 destinata
1425 973 1695 1056 quadam
1742 972 2083 1039 rebellione
2115 975 2180 1038 et
2223 972 2574 1056 pertinacia
2611 972 2820 1055 ruptis
2864 973 2998 1037 foe-

641 1079 899 1143 deribus
964 1079 1101 1162 pios
1148 1078 1229 1143 ad
1271 1078 1735 1162 praescriptum
1803 1079 1982 1144 verbi
2027 1080 2145 1144 Dei
2191 1079 2471 1145 viventes
2542 1078 2678 1142 sine
2739 1077 3000 1161 publica

639 1184 796 1249 belli
842 1184 1324 1249 denunciatione
1391 1184 1583 1249 armis
1653 1187 2085 1267 persequatur.
2178 1184 2341 1251 Cum
2386 1185 2538 1250 haec
2585 1184 2677 1249 ita
2723 1185 2878 1266 sint,
2929 1204 2998 1249 se

639 1307 841 1373 neque
887 1307 1063 1354 arma
1105 1309 1219 1372 pro
1265 1290 1624 1356 defensione
1672 1291 1983 1375 evangelii
2052 1293 2308 1375 sumpta
2351 1290 2746 1374 deposituros
2795 1310 2999 1375 neque

639 1398 866 1462 urbem
900 1415 1079 1462 suam
1125 1398 1307 1479 quasi
1351 1399 1591 1463 malum
1637 1398 1954 1463 Punicum
1985 1397 2330 1479 dedituros,
2379 1397 2488 1462 sed
2518 1398 2596 1463 ad
2644 1400 2999 1463 extremum

637 1503 915 1568 halitum
983 1502 1346 1569 defensuros
1394 1506 1458 1569 et
1518 1504 1888 1588 sanguinem
1953 1504 2212 1570 tandem
2273 1523 2488 1585 suum,
2555 1504 2610 1570 si
2656 1505 2997 1569 necessitas

639 1609 865 1693 exigat,
914 1629 1028 1692 pro
1075 1610 1276 1693 gloria
1319 1610 1438 1675 Dei
1484 1610 1757 1697 fusuros.

852 1715 1151 1798 Princeps
1182 1716 1296 1780 ubi
1342 1717 1637 1801 cognovit
1683 1716 2065 1800 legationem
2107 1716 2289 1782 illam
2325 1716 2398 1781 ad
2449 1716 2837 1801 colloquium
2882 1736 2997 1800 po-

636 1821 778 1902 puli
824 1840 949 1886 non
996 1821 1338 1887 admissam
1384 1826 1449 1887 et
1493 1842 1529 1888 a
1574 1843 1720 1906 rege
1767 1823 2012 1888 scenico
2075 1841 2189 1906 pro
2235 1821 2439 1887 nihilo
2483 1841 2641 1906 pene
2686 1822 2992 1902 habitam,

637 1931 716 1994 ut
761 1948 925 2012 ergo,
975 1928 1143 2012 quod
1189 1929 1491 2012 oppidani
1538 1949 1575 1995 a
1613 1930 1840 2013 legatis
1886 1928 2243 2013 intelligere
2289 1948 2413 1994 non
2460 1931 2818 2012 potuerunt,
2869 1929 2997 1994 alia

636 2036 881 2100 ratione
926 2034 1308 2119 intelligant,
1358 2036 1574 2101 literas
1618 2034 1859 2120 passim
1893 2055 1927 2099 6
1959 2035 2184 2101 castris
2230 2055 2302 2100 ex
2333 2037 2605 2100 arcubus
2651 2035 2797 2100 telis
2845 2034 2993 2099 alli-

639 2144 817 2225 gatas
879 2145 943 2206 et
1002 2140 1214 2224 sigillo
1283 2141 1595 2225 principis
1665 2142 2064 2207 confirmatas
2136 2143 2239 2207 26.
2288 2141 2568 2225 Augusti
2634 2142 2702 2206 in
2768 2142 2995 2206 urbem

638 2247 865 2329 mittit,
916 2247 1146 2331 quibus
1185 2249 1409 2312 urbem
1439 2250 1503 2312 et
1547 2248 1943 2331 impietatem
1989 2247 2513 2331 anabaptisticam
2561 2246 2993 2312 deserentibus

637 2353 901 2418 admissi
948 2353 1180 2436 flagitii
1228 2354 1660 2419 remissionem
1691 2354 2110 2419 certissimam
2153 2354 2492 2436 promittit,
2542 2372 2808 2437 quarum
2836 2353 2994 2418 haec

635 2458 764 2523 fuit
809 2458 1121 2523 sententia
1139 2460 1190 2523 ¹:
1255 2458 1333 2524 Se
1379 2459 1734 2544 aliquotie8‚
1786 2462 1861 2524 ut
1904 2460 2298 2525 innocentiae
2342 2460 2722 2543 parceretur,
2772 2459 2992 2523 deten-

634 2565 884 2631 toribus
928 2565 1107 2629 urbis
1141 2565 1433 2630 violentis
1481 2585 1618 2630 eam
1650 2566 2083 2631 deserentibus
2116 2568 2180 2632 et
2224 2564 2750 2649 transgressiones
2797 2584 2993 2649 agno-

637 2670 961 2736 scentibus
1006 2670 1282 2736 liberum
1328 2672 1594 2736 exeundi
1643 2675 2081 2756 commeatum,
2132 2673 2350 2737 delicti
2395 2672 2669 2755 gratiam
2713 2673 2777 2736 et
2821 2671 2993 2736 vitae

638 2777 1015 2842 beneficium
1063 2778 1194 2843 suis
1240 2777 1445 2843 literis
1508 2778 1779 2863 benigne
1825 2779 2130 2844 obtulisse
2177 2797 2375 2863 neque
2434 2777 2625 2842 fidem
2670 2776 2992 2842 addictam

636 2883 758 2948 ulli
806 2902 1081 2967 unquam
1127 2883 1422 2966 violasse3
1473 2903 1538 2950 se
1569 2903 1741 2949 nunc
1784 2904 2029 2969 quoque
2075 2884 2336 2949 eandem
2379 2884 2651 2968 gratiam
2696 2883 2990 2949 omnibus

636 2990 978 3054 clementer
1022 2990 1479 3071 exhibiturum,
1543 2989 1656 3072 qui
1701 2992 1846 3055 ante
1892 2990 2112 3054 horam
2156 2990 2447 3074 quintam
2492 2987 2992 3073 pomeridianam

636 3095 765 3160 diei
810 3095 979 3160 Iovis
1025 3096 1276 3160 futurae
1297 3096 1324 3134 ²
1365 3096 1586 3159 urbem
1634 3095 1905 3178 gratiam
1938 3097 2227 3179 optantes
2270 3094 2693 3176 deseruerint3
2742 3114 2812 3159 eo
2841 3111 2990 3159 vero

635 3203 918 3284 tempore
963 3202 1160 3285 lapso,
1219 3201 1274 3265 si
1320 3201 1474 3284 quid
1521 3201 1746 3266 durius
1792 3202 2090 3267 adversus
2138 3201 2481 3284 oppidanos
2524 3200 2831 3284 benignas
2877 3199 2991 3264 ad·

635 3308 1013 3373 monitiones
1082 3311 1315 3373 temere
1360 3307 1744 3373 excutientes
1791 3307 2163 3390 decreverit,
2213 3327 2278 3373 se
2325 3307 2428 3371 his
2475 3306 2731 3390 scriptis
2777 3325 2992 3371 coram

635 3414 767 3479 Deo
814 3415 877 3478 et
922 3414 1215 3479 omuibus
1261 3416 1485 3481 mundi
1529 3416 1895 3481 homiuibus
1941 3416 2195 3499 publice
2240 3418 2681 3499 purgaturum.

851 3516 1032 3596 Quod
1064 3538 1207 3584 cum
1239 3522 1375 3605 regi
1407 3522 1834 3604 nunciaretur,
1883 3521 2077 3586 edicit
2124 3522 2432 3605 protinus,
2481 3540 2559 3586 ue
2589 3520 2733 3605 quis
2768 3520 2989 3586 literas

636 3626 716 3690 ab
761 3626 1055 3690 hostibus
1099 3626 1316 3709 impiis
1362 3627 1430 3691 in
1463 3629 1745 3692 sanctam
1790 3627 2114 3692 civitatem
2161 3646 2406 3711 sparsas
2452 3626 2647 3690 humo
2692 3625 2878 3690 tollat
2923 3628 2991 3690 et

637 3734 1000 3816 contrectet,
1049 3733 1280 3817 quibus
1313 3734 1390 3797 ab
1424 3733 1761 3816 impolluta
1805 3733 2113 3818 evangelii
2137 3732 2432 3799 'doctrina
2462 3732 2540 3797 ad
2572 3731 2989 3798 defectionem

636 3839 1098 3921 sollicitentur3
1177 3841 1668 3924 transgressores
1737 3840 1964 3905 ultimo
2041 3839 2353 3924 supplicio
2422 3838 2782 3904 afficiendos
2844 3840 2910 3903 et
2953 3858 2989 3903 e

634 3946 1127 4011 christianorum
1174 3948 1356 4011 coetu
1401 3946 1715 4012 tollendos
1746 3966 1879 4012 esse
1911 3947 2268 4012 denunciat.
2326 3948 2463 4012 Hoc
2493 3945 2658 4029 regis
2706 3944 2990 4010 edictum

855 4160 895 4220 ¹)
933 4158 1055 4212 Nur
1090 4158 1260 4213 durch
1316 4159 1497 4213 Xerse.
1536 4158 1882 4224 iiberliefert3
1939 4160 2135 4213 ebenso
2173 4158 2314 4213 auch
2371 4158 2466 4213 der
2514 4156 2694 4228 gleich
2731 4155 2988 4222 folgende

635 4246 830 4301 Befehl
868 4249 925 4301 in
963 4247 1225 4317 Miinster‚
1264 4248 1383 4303 dass
1419 4248 1693 4302 Niemand
1729 4249 1787 4302 in
1824 4247 1921 4301 der
1957 4247 2121 4302 Stadt
2157 4248 2245 4302 die
2280 4246 2767 4318 hincingesandten
2801 4245 2990 4299 Briefe

634 4335 784 4389 lesen
822 4336 994 4391 diirfc.
1034 4366 1100 4375 —
1140 4335 1186 4400 ⁹)
1223 4337 1308 4390 27.
1347 4336 1580 4407 August.
