3259 5075
580 308 712 374 662
1439 304 1621 371 Anno
1673 305 1846 371 1534
1890 305 2047 371 acta.

579 484 1066 568 circumquaque
1135 483 1260 548 sibi
1318 483 1387 547 in
1431 482 1696 567 prandio
1765 481 2092 546 adiunctas
2157 480 2397 545 habens
2459 479 2591 544 solo
2651 478 2938 561 aspectu,

579 588 783 654 noctis
830 607 1019 672 quam
1050 589 1243 653 vellet
1288 573 1546 653 futurae
1587 587 1839 669 sociam,
1889 586 2126 670 delegit
2171 605 2371 670 neque
2408 605 2547 650 eam
2577 584 2788 653 verbis
2820 584 2943 647 aut

579 695 844 759 nutibus
891 694 1112 759 aliisve
1160 694 1386 778 signis,
1455 695 1563 759 sed
1610 694 1839 760 bacillo
1885 694 2128 759 nomini
2175 694 2309 758 eius
2356 693 2425 757 in
2471 693 2694 758 tabula
2739 710 2942 775 appo-

582 800 704 865 sito
752 799 1057 884 signavit3
1105 800 1199 865 ita
1230 800 1478 883 signata
1524 800 1660 865 sine
1704 799 1977 864 aliarum
2023 800 2407 865 contumelia
2452 802 2516 865 et
2559 797 2805 862 invidia
2835 815 2941 860 re-

580 906 751 990 giam
796 907 1043 970 noctem
1091 906 1435 989 opperitur.
1532 907 1599 972 Si
1645 926 1790 971 vero
1836 906 2050 971 veneri
2093 905 2311 989 inepta
2357 907 2460 987 sit,
2511 905 2818 970 bacillum
2867 902 2944 966 in

581 1011 760 1076 aliud
803 1031 1046 1094 nomen,
1098 1012 1203 1076 cui
1246 1013 1433 1093 favet,
1482 1012 1782 1077 transfert
1803 1015 1843 1077 ¹.
1900 1013 2219 1095 Deputata
2262 1013 2475 1096 itaque
2523 1011 2695 1094 regio
2726 1011 2939 1089 thoro,

583 1138 660 1182 ne
692 1117 846 1201 quid
891 1137 1157 1183 nauseae
1201 1117 1520 1182 maiestati
1566 1118 1772 1202 regiae
1817 1120 2159 1201 moveatur,
2209 1119 2508 1183 balneum
2554 1116 2940 1201 ingreditur,

581 1224 851 1307 lavatur,
902 1224 1229 1289 odoriferis
1299 1206 1674 1308 liquoribus'
1710 1224 2131 1307 perfunditur,
2196 1226 2384 1308 bysso
2429 1243 2792 1308 purpurave
2838 1222 2946 1285 in-

585 1330 838 1411 duitur;
886 1330 1143 1394 articuli
1188 1330 1568 1394 annulorum
1611 1329 2027 1395 multitudine
2073 1330 2300 1413 rigent,
2350 1329 2588 1395 catenis
2622 1330 2686 1393 et
2730 1327 2947 1392 moni-

582 1437 754 1501 libus
818 1437 1152 1521 gemmatis
1215 1436 1450 1502 collum
1512 1436 1823 1518 ambitur;
1895 1456 2105 1501 comae
2165 1455 2316 1501 auro
2385 1434 2944 1518 substringuntur‚

583 1541 939 1607 virentibus
985 1542 1539 1626 fragrantibusque
1587 1542 1772 1607 sertis
1820 1543 2105 1625 tempora
2144 1542 2507 1626 cinguntur,
2558 1539 2947 1624 bombycino

584 1648 988 1732 perisomatio
1035 1650 1254 1713 uterus
1287 1648 1627 1732 obtegitur,
1676 1669 1788 1732 per
1825 1648 2265 1713 tenuissimam
2313 1649 2641 1713 sindonem
2686 1647 2950 1731 gemina

586 1756 779 1819 ubera
808 1755 1229 1838 resplendent,
1264 1757 1344 1837 et,
1385 1757 1459 1820 ut
1489 1755 1684 1820 semel
1713 1755 1938 1837 dicam,
1982 1754 2211 1836 omnia,
2261 1775 2421 1838 quae
2453 1773 2743 1820 venerem
2777 1753 2949 1817 ciere

589 1862 840 1944 queant,
890 1880 1003 1943 per
1033 1861 1246 1925 effetas
1296 1880 1449 1927 anus
1487 1860 1670 1945 quasi
1714 1861 2050 1945 magistras
2097 1864 2159 1926 et
2205 1861 2323 1926 hac
2370 1861 2438 1926 in
2470 1881 2535 1926 re
2567 1860 2947 1926 exercitatas

588 1968 990 2050 apparantur.

804 2074 906 2138 Ita
950 2074 1161 2138 autem
1208 2093 1315 2138 rex
1360 2073 1617 2137 libidini
1663 2076 1727 2139 et
1770 2073 1968 2138 foedis
2014 2072 2452 2156 voluptatibus
2499 2071 2821 2154 indulget,
2869 2070 2951 2134 ut

587 2178 846 2243 interim
884 2198 972 2260 ea,
1023 2197 1179 2262 quae
1225 2179 1304 2242 ad
1351 2179 1734 2262 reipublicae
1781 2198 1929 2244 suae
1977 2179 2512 2244 conservationem
2558 2177 2944 2261 pertineant,

589 2303 715 2348 non
762 2283 1061 2367 negligat.
1131 2284 1376 2349 Iudicia
1406 2304 1572 2367 ergo,
1622 2305 1769 2349 cum
1799 2285 1877 2349 ad
1922 2285 2457 2368 tranquillitatem
2501 2285 2681 2348 urbis
2728 2304 2949 2349 neces-

592 2389 758 2455 saria
817 2409 952 2455 esse
1011 2388 1278 2472 videret,
1353 2393 1680 2456 conservat
1724 2393 1788 2456 et
1847 2410 1913 2456 se
1971 2391 2249 2455 iudicem
2310 2392 2518 2457 solum
2585 2390 2946 2456 constituit.

592 2495 835 2564 Solium
879 2496 948 2562 in
992 2496 1125 2561 foro
1165 2516 1197 2562 e
1244 2496 1497 2581 regione
1544 2497 1744 2564 librae
1765 2498 1791 2538 ²
1833 2498 2009 2563 iuxta
2053 2497 2366 2564 fornicum
2410 2498 2605 2563 finem
2651 2498 2717 2562 et
2762 2496 2951 2563 aedes

810 2779 853 2848 ι)
888 2778 1155 2834 Aehnlich
1207 2780 1377 2835 heisst
1412 2797 1469 2834 es
1521 2782 1580 2834 in
1617 2780 1714 2834 der
1747 2779 2191 2849 „Hofordnung“:
2232 2780 2457 2848 „Dieser
2492 2780 2695 2833 weiber
2749 2796 2956 2834 namen

594 2867 791 2937 seyndt
825 2885 901 2939 yn
938 2886 1041 2939 eyn
1076 2868 1330 2939 hangend
1367 2869 1649 2939 Teffelgen
1686 2868 2053 2939 geschrieben,
2091 2868 2204 2922 und
2241 2885 2415 2938 gegen
2453 2885 2619 2938 eynei-
2655 2866 2956 2938 yeglichen

593 2955 807 3010 Namen
845 2973 950 3026 eyn
988 2956 1221 3011 lochlein
1259 2958 1454 3028 gebort
1507 2957 1610 3011 mit
1647 2958 1822 3011 einem
1875 2956 2269 3025 anhangenden
2305 2956 2603 3025 stoc-kleyn.
2677 2955 2809 3011 Und
2846 2956 2957 3026 bey

593 3042 825 3097 welcher
861 3043 956 3098 der
989 3044 1173 3115 Konig
1209 3045 1297 3099 die
1332 3044 1501 3099 nacht
1535 3045 1636 3098 hat
1671 3044 1820 3114 ligen
1855 3044 2067 3113 wollen,
2124 3060 2299 3114 gegen
2335 3044 2430 3098 der
2464 3044 2712 3115 selbigen
2751 3061 2957 3099 namen

596 3130 696 3185 hat
732 3131 829 3186 elu·
864 3131 961 3186 das
999 3133 1259 3204 stockgen
1314 3134 1576 3203 gesteckt.
1652 3132 1752 3187 Szo
1792 3134 1921 3187 aber
1968 3133 2263 3202 dieselbige
2319 3149 2439 3186 zum
2475 3132 2740 3203 beylager
2795 3133 2960 3187 nicht

596 3218 877 3289 geschickt
912 3223 1114 3290 gewest
1143 3222 1234 3288 ist,
1271 3219 1486 3274 mochte
1511 3222 1589 3275 sie
1627 3220 1724 3275 das
1750 3222 2008 3291 stockgen
2046 3221 2190 3275 ihres
2215 3220 2480 3290 gefallens
2507 3221 2732 3274 stecken
2770 3239 2958 3292 gegen

598 3323 763 3378 eyner
817 3308 1020 3362 andern
1057 3325 1268 3377 namen,
1325 3308 1420 3362 der
1457 3311 1536 3363 sie
1590 3310 1817 3380 giinstig
1850 3326 1985 3375 war;
2041 3309 2129 3363 die
2166 3309 2372 3378 selbige
2425 3312 2604 3363 muste
2642 3310 2788 3363 deun
2827 3309 2958 3364 dem

596 3395 812 3466 Konige
847 3395 1020 3465 willig
1055 3412 1188 3466 seyn
1225 3396 1335 3450 und
1373 3396 1461 3450 die
1485 3398 1654 3451 nacht
1688 3398 1792 3467 bey
1829 3397 1959 3467 yhm
1996 3397 2309 3452 schlaffen.“
2362 3397 2484 3452 Von
2521 3397 2628 3452 den
2664 3400 2960 3469 sonsfigen

599 3483 829 3550 Quellen
866 3483 1137 3538 berichtet
1159 3483 1411 3539 hieriiber
1436 3501 1539 3538 nur
1562 3484 1703 3539 noch
1739 3484 1871 3540 Joh.
1897 3485 2248 3540 Fabricius
2284 3484 2644 3540 Bolandus
2681 3485 2770 3542 Bl.
2797 3486 2845 3540 P
2865 3487 2958 3541 TV:

1023 3572 1304 3642 „Depictis
1340 3573 1484 3627 ridet
1519 3573 1762 3627 thalamo
1800 3573 1867 3628 de
1903 3590 2049 3627 more
2084 3575 2286 3643 tapetis

1133 3661 1395 3731 RegificO,
1433 3664 1612 3716 totum
1646 3662 1770 3715 vela
1807 3661 1984 3716 cubile
2021 3664 2233 3732 tegunt.

1025 3747 1231 3805 Charta
1265 3752 1420 3804 tenet
1454 3750 1624 3805 valvis
1663 3750 1820 3805 aulae
1856 3750 2052 3805 suffixa
2087 3753 2368 3820 protervae

1132 3838 1373 3893 letarum
1410 3840 1581 3910 signis
1618 3840 1838 3893 nomina
1875 3841 2036 3909 grata
2072 3839 2200 3893 suis,

1024 3926 1246 3982 Indicat
1281 3928 1431 3997 hacc,
1469 3944 1738 3999 quaenam
1773 3931 2028 3998 poscatur
2063 3926 2308 3997 qualibet
2335 3943 2397 3981 ex
2433 3926 2520 3981 his

1134 4018 1328 4086 Nocte,
1367 4016 1462 4072 sed
1500 4018 1763 4088 appositis
1801 4016 2108 4070 conditione
2148 4016 2308 4069 notis.

1028 4105 1086 4160 Si
1124 4110 1295 4177 negat
1329 4105 1463 4160 haec
1502 4109 1601 4160 aut
1636 4104 1736 4159 illa
1773 4105 1924 4175 gravi
1961 4104 2188 4172 ratione,
2225 4102 2487 4173 relinquit

1136 4194 1495 4249 Concubitum
1531 4194 1695 4264 regis,
1733 4193 1821 4248 cui
1857 4192 2032 4262 magis
2067 4191 2186 4261 ipsa
2221 4189 2421 4246 favet.“

819 4281 861 4352 2)
897 4283 1001 4337 Die
1039 4281 1388 4354 Stadtwaage
1440 4283 1537 4354 lag
1571 4281 1748 4337 neben
1784 4281 1907 4335 dem
1941 4278 2187 4334 Rathaus
2242 4278 2342 4333 auf
2372 4278 2470 4333 der
2503 4279 2798 4335 Nordseite
2837 4282 2965 4339 des-

604 4370 806 4428 selben.
878 4371 933 4426 S.
972 4371 1109 4426 oben
1147 4370 1203 4427 S.
1243 4371 1328 4428 76.
