3259 5075
1164 305 1349 372 Anno
1403 309 1573 373 1534
1617 309 1781 374 acta.
2514 311 2644 377 627

289 483 533 548 Multae
591 483 784 548 etiam
828 483 1107 567 virgines
1153 504 1227 550 ex
1271 483 1535 551 diversis
1599 486 1916 552 coenobiis
1986 489 2120 553 tam
2162 488 2407 553 nobiles
2453 507 2645 572 quam

290 588 605 672 ignobiles
669 588 788 654 hac
834 590 1156 656 occasione
1201 590 1270 654 13
1315 590 1418 655 sui
1474 591 1819 673 perniciem
1864 592 2185 676 fruuntur,
2256 589 2645 678 virginitatis

292 696 358 760 et
403 694 752 779 pudicitiae
820 695 1131 761 iacturam
1197 696 1724 780 flagitiosissimos
1794 717 2073 783 quosque
2118 701 2487 766 verberones
2534 700 2646 766 ad-

292 800 620 866 mittentes
666 800 930 885 faciunt,
978 821 1137 886 quae
1168 802 1407 887 alioqui
1452 805 1781 870 conclusae
1827 808 2121 889 arctaque
2162 825 2421 871 suorum
2464 825 2647 890 prae-

291 906 605 972 fectorum
649 906 938 973 custodia
983 908 1383 991 praepeditae
1427 909 1691 975 honeste
1735 910 2056 976 vixissent.
2135 911 2648 978 Transssuvianae

294 1013 485 1095 atque
530 1012 913 1096 Aegidianae
958 1014 1253 1096 vestales,
1318 1016 1628 1099 quotquot
1672 1016 1830 1081 urbe
1876 1036 2001 1081 non
2047 1018 2464 1100 excesserant,
2512 1037 2648 1083 ma—

292 1117 454 1183 ritos
502 1118 627 1183 sibi
672 1120 1013 1202 quaerunt3
1081 1119 1235 1185 haec
1281 1120 1582 1204 militem,
1648 1121 1765 1187 illa
1809 1123 2114 1206 sutorem,
2176 1123 2331 1188 haec
2376 1124 2648 1189 exterra-

293 1245 504 1306 ncum,
555 1225 668 1291 illa
713 1226 1096 1311 indigenam,
1145 1227 1298 1294 haec
1341 1230 1744 1312 sacerdotem,
1794 1230 1909 1295 illa
1951 1229 2262 1312 villicum,
2310 1229 2464 1295 haec
2510 1250 2650 1296 ora-

295 1334 519 1415 torem,
567 1332 681 1397 illa
725 1334 1052 1416 aratorem,
1101 1335 1256 1400 haec
1302 1334 1596 1417 nobilem,
1651 1335 1767 1399 illa
1812 1334 2012 1401 civem
2058 1336 2172 1400 aut
2216 1352 2650 1418 quemcunque

296 1437 563 1520 spiritus
609 1437 915 1521 cuiusque
962 1438 1247 1522 suggerit
1265 1441 1306 1504 ¹.
1388 1436 1638 1517 Quanto
1685 1439 1973 1505 luxuriae
2019 1441 2197 1505 aestu
2243 1440 2501 1506 retincti
2545 1459 2650 1505 ex-

296 1542 596 1626 arserint,
666 1562 857 1627 quam
901 1543 1201 1610 effrenato
1268 1545 1558 1610 libidinis
1620 1545 1832 1611 furore
1876 1545 1946 1611 in
1990 1546 2366 1611 muliebrem
2434 1565 2653 1611 sexum

295 1649 520 1732 quavis
566 1650 772 1715 bestia
815 1649 1400 1734 intemperantiores
1446 1652 1510 1717 et
1556 1652 1886 1718 salaciores
1933 1651 2267 1735 irruerint,
2316 1672 2506 1736 quam
2550 1652 2652 1717 in-

297 1755 680 1821 satiabiliter
725 1756 1117 1841 amplexibus
1165 1756 1555 1841 turpissimis
1603 1776 1858 1840 operam
1889 1756 2196 1840 dederint,
2244 1776 2435 1841 quam
2472 1776 2653 1821 mon-

298 1864 502 1928 stroso
534 1862 879 1945 voluptatis
927 1862 1146 1928 ardore
1193 1864 1735 1947 conflagraverint‚
1787 1862 2039 1928 silentio
2087 1863 2427 1946 praeterire
2472 1881 2653 1945 prae-

300 1969 456 2051 stat,
527 1987 717 2053 quam
764 1970 967 2033 castas
1014 1988 1197 2034 aures
1243 1968 1570 2035 offendere.
1666 1967 1870 2048 Quam
1914 1968 2320 2033 immaturam
2364 1987 2654 2033 venerem

300 2094 448 2139 cum
494 2074 726 2140 teneris
772 2074 1188 2158 virgunculis,
1237 2094 1395 2159 quae
1427 2075 1530 2139 vix
1576 2074 2002 2157 undecimum,
2055 2073 2497 2139 duodecimum
2543 2075 2655 2139 aut

299 2180 616 2247 decimum
662 2180 928 2246 tertium
964 2200 1202 2246 annum
1249 2184 1638 2247 excesserant
1657 2183 1699 2264 ²,
1749 2182 1983 2247 furiose
2028 2180 2438 2262 exercuerint,
2486 2179 2654 2245 mul-

295 2290 514 2386 tarum
572 2287 933 2371 puellarum
978 2271 1091 2352 aut
1136 2289 1478 2371 perpetuus
1546 2289 1806 2354 morbus
1854 2290 1967 2353 aut
2013 2288 2227 2353 subita
2288 2307 2454 2353 mors
2503 2288 2656 2352 sub-

301 2396 521 2459 secuta
564 2393 798 2460 docuit.
863 2393 1185 2459 Plurimae
1232 2413 1478 2479 quoque
1524 2396 1603 2460 ab
1650 2413 1839 2460 uxore
1886 2395 2219 2479 Knupperi
2266 2394 2656 2479 chirurgiam

301 2609 480 2663 einem
533 2608 639 2662 mir
687 2609 839 2662 30331
891 2607 1211 2662 unbekannt
1258 2607 1614 2678 gebliebenen
1650 2608 1835 2662 Druck
1890 2625 1988 2663 3113
2027 2608 2150 2662 dem
2184 2607 2222 2662 J
2224 2607 2355 2663 31113
2394 2606 2531 2661 1535
2568 2605 2658 2661 1131

303 2696 370 2751 G.
409 2696 763 2766 Spalatin:
801 2695 1039 2750 Annales
1075 2696 1477 2751 reformationis
1516 2737 1530 2750 .
1552 2737 1566 2750 .
1587 2736 1602 2753 .
1641 2714 1740 2751 ans
1776 2696 1940 2751 Licht
1983 2696 2210 2766 83313111
2243 2713 2348 2751 von
2384 2695 2444 2750 E.
2473 2694 2527 2750 S.
2552 2693 2659 2765 Cy-

300 2785 460 2856 prian
499 2785 748 2855 (Leipzig
785 2784 943 2852 1718)
983 2785 1039 2840 S.
1076 2786 1181 2839 302
1236 2785 1358 2840 sind
1394 2786 1712 2855 angegeben
1767 2786 1858 2840 fiir
1893 2785 2112 2840 Johann
2147 2803 2197 2840 v.
2235 2785 2439 2839 Leiden
2477 2784 2527 2853 5,
2570 2783 2661 2838 ffu-

301 2872 760 2943 Knipperdolling
794 2873 846 2941 3,
883 2872 973 2927 fiir
1006 2873 1192 2930 Herm.
1217 2873 1443 2928 Tilbeck
1480 2876 1513 2928 3
1549 2874 1660 2928 und
1698 2874 1787 2928 fiir
1823 2873 2133 2927 Rothmann
2170 2873 2207 2927 4
2249 2870 2655 2941 „Eheweyber.“

302 2962 467 3016 Dann
503 2961 648 3030 folgt
685 2962 772 3016 die
808 2962 1003 3016 Notiz:
1047 2962 1235 3028 „Nach
1273 2962 1454 3016 seindt
1491 2963 1618 3016 alda
1671 2963 1785 3016 xiiii
1825 2961 2134 3032 Prophetcn
2183 2977 2282 3015 aus
2319 2961 2413 3014 des
2450 2960 2660 3028 Konigs

301 3049 660 3119 hoffgcsinde,
716 3049 805 3104 die
842 3051 990 3104 scine
1033 3050 1294 3106 nechsten
1329 3050 1506 3105 Rethe
1544 3052 1677 3119 3313,
1732 3050 1912 3104 1131133
1949 3049 2088 3104 auch
2126 3066 2197 3103 an
2231 3048 2464 3103 weibern
2502 3048 2662 3102 keine

302 3138 593 3210 gebruch.“

521 3228 564 3295 ¹)
603 3226 675 3282 So
711 3226 879 3282 heisst
915 3244 971 3281 es
1010 3227 1149 3282 auch
1203 3229 1261 3282 in
1299 3227 1396 3281 der
1435 3227 1783 3297 „Ordnung“:
1846 3227 1966 3295 „All
2013 3228 2249 3281 Nunnen
2300 3242 2425 3280 31133
2462 3224 2662 3279 1131(133

305 3314 573 3384 Closter-n,
612 3316 694 3371 als
718 3315 1064 3370 Uberwasser
1098 3315 1212 3370 und
1250 3331 1316 3370 zu
1353 3316 1492 3370 Sant
1526 3316 1686 3384 Ilien,
1726 3316 1814 3371 (113
1852 3315 2114 3370 (13113333
2147 3331 2352 3383 wonen,
2391 3313 2565 3368 haben
2603 3313 2662 3367 in

304 3405 521 3475 gemain
546 3404 776 3458 Manner
810 3421 1148 3473 genommen,
1184 3404 1273 3459 (113
1298 3405 1386 3458 313
1423 3406 1511 3458 313
1536 3404 1935 3473 Landsknecht,
1974 3404 2063 3458 die
2088 3402 2257 3459 ander
2294 3405 2450 3458 einen
2472 3402 2662 3457 baurs-

303 3492 522 3561 11333111,
558 3492 671 3546 113(1
706 3510 790 3546 wa
814 3494 903 3547 ein
932 3492 1063 3563 jede
1099 3493 1150 3546 ir
1175 3492 1334 3547 Gaist
1370 3493 1624 3563 hingab.“
1681 3492 1939 3548 Ι)0311131
1975 3509 2040 3547 zu
2065 3492 2350 3560 beachten‚
2389 3491 2509 3546 dass
2547 3489 2665 3545 sich

306 3581 395 3635 die
432 3580 805 3635 Nachrichten
840 3582 898 3634 13
936 3580 1032 3634 (131·
1073 3580 1400 3650 „Ordnung“
1441 3581 1695 3636 samtlich
1753 3581 1852 3635 auf
1885 3581 1974 3635 dic
2010 3582 2130 3636 Zeit
2165 3598 2286 3635 vor
2320 3579 2665 3649 Einfiihrung

305 3669 404 3724 der
424 3669 800 3726 Viclweiberei
836 3669 1112 3738 beziehen,
1150 3670 1333 3725 Kerss.
1359 3669 1473 3724 also
1512 3671 1661 3724 scine
1691 3669 1884 3735 Quelle
1922 3686 2009 3723 am
2045 3668 2344 3723 unrechten
2379 3668 2510 3723 0113
2548 3683 2663 3723 ver-

303 3762 515 3814 wertet.
571 3759 767 3829 Spater
801 3758 1016 3813 freilich
1053 3758 1292 3814 bekannt
1326 3759 1451 3815 Joh.
1487 3758 1802 3813 Beclnnann
1840 3759 1951 3828 (bei
1988 3757 2041 3812 J.
2077 3758 2390 3812 Niesert:
2429 3756 2580 3812 U.-S.
2615 3754 2665 3810 Ι.

306 3847 361 3902 S.
388 3846 509 3916 36):
555 3847 655 3913 „he
691 3846 830 3901 hefft
865 3849 970 3901 twe
996 3845 1337 3901 ehefrouwen
1375 3846 1586 3917 8311311,
1624 3847 1693 3901 (13
1719 3864 1855 3917 eyne
1891 3863 1995 3901 van
2034 3850 2163 3901 sunt
2194 3844 2369 3916 Ilyen,
2406 3844 2473 3898 (13
2499 3843 2668 3898 ander

304 3953 413 3990 van
450 3935 808 3991 Overwater.“
884 3936 1076 3989 Damit
1111 3934 1233 3989 sind
1268 3935 1411 3990 wohl
1449 3934 1627 3990 sicher
1661 3935 1897 3990 Nonnen
1933 3936 2192 4005 gemeint.

523 4023 568 4093 ²)
610 4023 763 4090 „Alle
812 4023 1158 4094 jungtrawen
1195 4023 1331 4078 uber
1386 4023 1566 4079 zwolff
1596 4024 1683 4078 iar
1718 4026 1935 4078 13113333
1988 4023 2212 4092 freien,“
2251 4021 2525 4076 berichtet
2578 4020 2668 4076 dio

306 4112 409 4167 auf
440 4111 528 4166 die
552 4112 836 4183 Aussagen
861 4112 956 4166 der
992 4113 1068 4167 im
1094 4111 1329 4167 October
1356 4112 1498 4167 1534
1530 4112 1935 4182 ausgesandten
1955 4110 2185 4181 Apostel
2222 4108 2668 4180 zuriickgehende

309 4199 510 4268 „Neve
544 4201 797 4271 zeitung“
841 4201 1071 4270 (Ztschr.
1108 4202 1178 4255 27
1221 4199 1407 4271 [1867]
1448 4201 1502 4257 S.
1529 4201 1679 4269 260).
1745 4201 1881 4255 Eine
1920 4198 2119 4255 andere
2160 4199 2357 4267 „Newe
2383 4199 2664 4270 Zeytung“

309 4289 378 4357 (s.
412 4288 475 4345 P.
512 4288 757 4343 Β311113
773 4306 903 4343 333
940 4288 1085 4345 Bibl.
1115 4290 1254 4343 1535
1289 4289 1391 4344 Nr.
1417 4288 1472 4355 9)
1514 4292 1641 4359 sagt
1674 4288 1762 4345 Bl.
1786 4289 1940 4343 A2V:
1984 4287 2202 4356 „Under
2235 4288 2365 4343 1333
2402 4328 2417 4343 .
2438 4327 2452 4342 .
2473 4328 2489 4344 .
2523 4284 2670 4343 murs

302 4376 600 4449 Jederman
637 4376 813 4432 eelieh
849 4378 985 4446 sein,
1023 4377 1166 4433 auch
1201 4376 1291 4433 die
1326 4377 1533 4433 medlin
1566 4395 1674 4433 von
1710 4376 1888 4433 zwelfl'
1910 4375 2123 4447 jaren.‘

2457 4461 2581 4531 16*
