3259 5075
586 260 719 324 642
1458 257 1640 323 Anno
1693 258 1861 323 1534
1908 259 2064 323 acta.

586 439 791 514 turae,
862 434 1097 518 partim
1166 434 1607 498 sarcinatoriae
1668 434 2036 499 exercendae
2100 452 2287 498 causa
2333 433 2402 496 in
2447 431 2746 516 Angliam
2791 450 2942 514 pro-

586 541 807 621 fectuS,
854 539 971 604 ubi
1016 539 1500 623 quadriennium
1526 539 1674 604 ¹fere
1721 540 1945 621 haesit,
1992 540 2143 604 hinc
2173 540 2242 604 in
2272 538 2637 604 Flandriam
2685 539 2748 602 et
2775 538 2942 620 Lys-

587 648 817 713 bonam
850 645 1307 729 peregrinatur,
1341 645 1507 710 unde
1538 645 1873 710 Lubecam.
1922 645 2202 725 Leydam
2232 664 2516 710 reversus
2547 644 2794 708 iuvenis
2827 643 2942 707 ad·

586 753 849 818 modum
894 752 1179 816 relictam
1226 751 1556 815 cuiusdam
1614 752 1846 816 nautae
1893 752 2176 818 defuncti
2220 770 2475 819 uxorem
2520 750 2717 831 ducit,
2780 767 2943 832 quae

587 859 690 923 1111
736 858 892 923 111133
937 857 1184 941 peperit
1227 857 1436 939 proles
1456 860 1498 939 ¹,
1548 877 1618 922 ac
1649 857 1896 940 Leydae
1941 858 2010 922 in
2048 858 2231 923 domo
2277 857 2483 922 tribus
2530 856 2779 940 arengis
2828 875 2944 920 seu

586 963 912 1029 halecibus
943 963 1249 1046 insignita
1280 983 1406 1028 non
1437 962 1530 1028 ita
1558 963 1783 1046 procul
1812 983 1848 1027 a
1877 966 2077 1046 porta,
2126 983 2253 1046 qua
2281 964 2405 1028 iter
2434 964 2528 1027 est
2559 963 2628 1027 in
2660 963 2943 1029 Greven-

589 1070 820 1153 hagen,
893 1071 1344 1150 commoratur,
1417 1068 1790 1151 cauponiam
1858 1069 2187 1133 cervisiam
2254 1069 2597 1151 vinumque
2664 1067 2942 1133 vendens

590 1177 831 1241 exercet
849 1177 889 1240 ².
982 1175 1107 1239 Hic
1166 1193 1231 1238 se
1277 1173 1549 1256 rythmis
1618 1175 1972 1238 vernaculis
2040 1173 2484 1257 componendis
2545 1175 2624 1238 ab
2682 1174 2943 1238 ineunte

592 1281 794 1346 aetate
840 1280 1076 1345 mirum
1120 1280 1191 1344 in
1220 1280 1479 1344 modum
1526 1280 1773 1363 fatigat,
1821 1280 1989 1346 unde
2037 1281 2474 1364 rythmologus
2516 1299 2627 1345 seu
2671 1279 2944 1345 rhetori·

592 1387 794 1451 caster
838 1386 907 1450 in
954 1405 1068 1451 sua
1110 1385 1333 1469 lingua
1395 1385 1653 1450 habitus
1701 1388 1798 1451 est
1843 1386 2244 1471 scholamque
2294 1387 2362 1450 in
2406 1387 2526 1452 hac
2572 1388 2705 1451 arte
2751 1386 2947 1470 erigit

591 1511 851 1575 eamque
914 1491 1484 1575 promptitudinem
1552 1490 1897 1576 discipulos
1945 1493 2023 1556 ad
2071 1512 2136 1557 se
2183 1512 2296 1557 sua
2357 1492 2614 1558 levitate
2682 1492 2944 1557 allectos

592 1598 773 1663 docet
788 1599 831 1663 ³.
924 1597 1134 1663 Ludos
1198 1593 1389 1662 etiam
1435 1597 1594 1662 varii
1663 1599 1909 1682 generis
1957 1618 1994 1663 a
2040 1619 2105 1664 se
2150 1598 2358 1681 patria
2423 1598 2646 1681 lingua
2691 1617 2944 1681 compo-

593 1704 747 1769 sitos
792 1704 863 1769 in
906 1702 1173 1769 theatris
1221 1704 1286 1768 et
1330 1705 1532 1769 scenis
1579 1705 1811 1789 populo
1858 1706 2131 1786 publice,
2180 1707 2256 1769 ut
2301 1705 2493 1769 moris
2540 1705 2638 1769 est
2682 1704 2751 1769 in
2797 1702 2944 1769 istis

591 1810 773 1892 13313,
834 1808 1002 1873 111311
1048 1808 1256 1893 gratia
1300 1810 1580 1893 exhibet,
1646 1811 1876 1895 quibus
1923 1811 2249 1876 interdum
2291 1810 2567 1889 ludicra,
2617 1809 2946 1875 interdum

593 1917 897 1981 obscoena
941 1918 1005 1981 et
1050 1916 1282 1998 turpia,
1331 1934 1471 1980 raro
1503 1935 1648 1981 vero
1684 1917 1846 1982 seria
1891 1918 1955 1980 et
2000 1936 2146 1981 cum
2178 1917 2416 1982 virtute
2464 1916 2799 1981 coniuncta
2830 1914 2944 1979 ad-

593 2184 652 2234 et
688 2180 1070 2249 grammaticos
1107 2179 1275 2234 libros
1302 2184 1358 2234 et
1395 2181 1598 2249 scripta
1637 2179 1918 2249 eleganter
1952 2179 2134 2248 legere
2166 2182 2223 2232 et
2259 2178 2567 2249 intelligere
2605 2178 2950 2247 scribereque

592 2269 937 2322 mediocriter
972 2267 1253 2322 didicisset
1287 2273 1343 2323 et
1377 2285 1508 2338 prae
1543 2270 1752 2338 ingenii
1790 2269 2037 2322 acumine
2074 2266 2341 2337 quaedam
2378 2286 2440 2322 ex
2465 2269 2662 2322 Latino
2700 2284 2951 2323 sermone

594 2373 696 2411 11311
734 2355 966 2425 quodam
1004 2357 1166 2410 citius
1221 2357 1573 2426 percepisset,
1630 2373 1795 2425 qnam
1833 2356 2145 2410 scholastici
2199 2355 2361 2425 plane
2415 2355 2620 2409 addicti
2660 2360 2717 2410 et
2751 2355 2949 2409 traditi

595 2445 807 2498 Latinis
842 2444 1066 2498 literis.“
1143 2444 1297 2497 Auch
1336 2445 1416 2499 als
1455 2445 1764 2513 Schneider,
1802 2444 1927 2515 fiigt
1961 2445 2144 2500 Herm.
2181 2444 2543 2498 Hamelmann
2581 2444 2724 2497 daun
2760 2443 2948 2511 hinzu,

598 2532 907 2601 „laboribus
933 2550 1157 2603 semper,
1196 2538 1460 2604 quantum
1496 2534 1695 2604 potuit,
1734 2533 2032 2588 suffuratur
2057 2532 2266 2604 aliquid
2303 2533 2576 2603 temporie,
2615 2532 2759 2603 quod
2792 2533 2950 2587 novis

594 2623 751 2677 libris
786 2620 1180 2692 perlustrandis
1217 2622 1601 2691 impenderet.“

810 2727 852 2795 ¹)
889 2728 993 2781 Die
1020 2727 1153 2781 Zahl
1190 2730 1366 2782 331331
1400 2729 1457 2782 13
1483 2727 1688 2782 Leiden
1723 2729 2026 2798 geborenen
2063 2728 2271 2782 Kinder
2307 2728 2460 2797 giebt
2494 2727 2712 2782 Johann
2749 2744 2852 2780 nur
2889 2728 2950 2782 in

596 2816 700 2871 1133
728 2816 1009 2886 Aussagen
1044 2817 1133 2870 bei
1169 2816 1222 2871 J.
1257 2817 1422 2871 Nies
1438 2820 1542 2870 ert
1578 2834 1665 2872 33.
1721 2816 1875 2870 Ῑ)3311
1912 2819 2053 2871 setzt
2089 2834 2148 2870 er
2182 2816 2302 2871 hier
2336 2818 2436 2870 wie
2472 2816 2612 2870 auch
2647 2818 2705 2870 in
2742 2817 2951 2871 33133111

594 2905 988 2959 Bekenntnisse
1023 2904 1097 2957 M.
1127 2903 1283 2970 G.-Q.
1313 2904 1375 2958 ΙΙ
1413 2905 1562 2959 33133
1597 2904 2001 2974 Verheiratung
2038 2904 2259 2958 zeitlich
2295 2921 2390 2958 vor
2424 2905 2571 2958 seine
2608 2904 2769 2959 Reise
2805 2904 2949 2959 nach

593 2993 856 3047 Lissabon
893 2992 1006 3046 und
1041 2993 1274 3048 Liibeck.

811 3080 854 3149 ²)
896 3122 942 3148 „.
964 3120 976 3134 .
1001 3120 1013 3134 .
1051 3081 1162 3135 und
1198 3081 1411 3136 hebben
1459 3082 1588 3136 beer
1622 3082 1736 3135 und
1770 3099 1892 3152 wyn
1948 3082 2257 3150 getappet,“
2298 3079 2468 3134 heil’st
2504 3098 2560 3135 es
2596 3097 2700 3135 nur
2746 3083 2804 3135 in
2842 3081 2950 3136 den

595 3169 876 3239 Aussagen
912 3171 999 3225 bei
1037 3170 1090 3225 J.
1126 3171 1436 3227 Niesert.
1510 3171 1636 3241 Vgl.
1674 3170 1732 3225 C.
1771 3169 2177 3225 Heresbach
2226 3169 2281 3225 S.
2319 3171 2404 3238 22,
2454 3169 2550 3224 der
2585 3187 2655 3224 33
2693 3171 2949 3225 Erasmus

597 3257 857 3312 schreibt:
920 3259 1183 3326 „eundem
1221 3298 1233 3312 .
1257 3299 1304 3311 ..
1345 3259 1695 3314 affirmabant
1732 3299 1745 3312 .
1767 3300 1814 3312 ..
1854 3258 1952 3313 alii
2006 3259 2315 3313 institorem
2370 3258 2514 3328 apud
2561 3257 2802 3328 Leydam
2841 3297 2854 3312 .
2878 3299 2892 3313 .
2915 3297 2950 3327 .,

597 3345 696 3399 alii
730 3348 1106 3415 πορνοβοσκόν,
1162 3348 1410 3402 nonnulli
1463 3348 1698 3402 militem
1743 3350 2078 3419 gregarium,
2134 3365 2320 3402 verum
2356 3347 2621 3402 militasse
2670 3363 2951 3418 nunquam

596 3435 713 3504 ipse
750 3436 817 3489 ab
857 3452 918 3489 eo
955 3439 1146 3505 postea
1183 3436 1416 3491 audivi.“

811 3522 855 3590 ⁸)
893 3524 1073 3578 Ueber
1098 3523 1185 3577 die
1208 3523 1586 3578 literarischen
1608 3524 1840 3580 Vereins
1865 3525 1960 3578 der
1983 3524 2300 3594 Rederijker
2333 3526 2391 3578 in
2418 3523 2521 3579 den
2546 3524 2953 3579 Niederlanden

595 3610 765 3680 vergl.
803 3611 1093 3667 besonders
1132 3612 1214 3666 W.
1241 3612 1293 3667 J.
1318 3612 1384 3667 A.
1420 3613 1457 3666 J
1469 3612 1860 3667 onckbloet:
1902 3612 2094 3667 Gesch.
2133 3612 2229 3666 der
2262 3612 2763 3667 niederlandischen
2801 3613 2952 3667 Lite-

595 3701 778 3765 ratur3
818 3699 1077 3754 deutsche
1112 3701 1367 3771 Ausgabe
1402 3718 1505 3755 von
1543 3700 1626 3753 W.
1664 3700 1811 3770 Berg
1850 3700 1951 3754 Bd.
1981 3702 2008 3753 1
2051 3700 2298 3771 (Leipzig
2339 3700 2495 3768 1870)
2539 3701 2591 3754 S.
2618 3702 2716 3756 331
2743 3701 2799 3756 ff.
2838 3701 2955 3755 und

597 3787 650 3843 J.
689 3788 1110 3859 Schwering:
1152 3790 1256 3844 Zur
1282 3790 1474 3845 Gesch.
1514 3790 1607 3844 des
1645 3787 2150 3843 niederlandischen
2186 3807 2241 3844 u.
2278 3790 2599 3858 spanischen
2625 3789 2855 3843 Dramas
2892 3790 2954 3845 in

596 3876 972 3931 Deutschland
1011 3878 1279 3946 (Miinster
1318 3879 1475 3947 1895)
1517 3879 1571 3933 S.
1611 3880 1644 3934 9
1665 3878 1722 3934 ff.
1793 3877 1930 3932 Dass
1967 3876 2184 3931 Johann
2220 3877 2475 3947 Mitglied
2530 3879 2676 3931 eines
2732 3878 2954 3933 solchen

596 3964 825 4020 Vereins
862 3984 987 4035 war,
1043 3967 1216 4022 findet
1252 3968 1367 4022 sich
1409 3969 1646 4038 bezeugt
1698 3970 1757 4022 in
1794 3968 1916 4022 dem
1952 3967 2286 4022 Bekenntnis
2341 3966 2377 4020 J
2380 3966 2563 4021 akob’s
2600 3985 2651 4022 1.
2687 3967 2960 4040 Κ3111Ρ311ἰ

596 4054 696 4108 der
732 4071 819 4108 am
856 4055 941 4110 17.
981 4056 1095 4109 Mai
1138 4056 1272 4110 1535
1310 4060 1535 4127 aussagt
1582 4056 1647 4124 (3.
1689 4056 2156 4127 „Abhandlungen
2194 4055 2246 4111 d.
2283 4054 2473 4110 histor.
2511 4055 2602 4111 Kl.
2640 4055 2692 4110 d.
2729 4056 2956 4127 Konigl.

597 4143 794 4212 Baycr.
832 4142 1035 4198 Akad.“
1079 4161 1127 4197 a.
1149 4161 1198 4197 a.
1222 4144 1285 4199 Ο.
1322 4145 1376 4199 S.
1415 4145 1538 4212 98>:
1582 4145 1712 4212 „dat
1746 4144 1820 4215 hy
1858 4146 1915 4198 in
1952 4144 2250 4214 voortyden
2286 4143 2407 4198 hest
2443 4144 2646 4215 gekent
2680 4143 2790 4198 Jan
2815 4145 2955 4198 Boe·

602 4230 764 4299 kelsz,
818 4247 893 4284 nu
931 4231 1158 4285 coninck
1194 4236 1280 4286 tot
1331 4233 1594 4301 Munster,
1652 4237 1745 4288 ten
1783 4234 1916 4302 tyde
1953 4232 2034 4286 als
2071 4233 2179 4286 Jan
2215 4250 2398 4287 voorsz
2436 4233 2647 4288 waerde
2688 4232 2952 4301 (waende)

598 4334 667 4371 en
704 4317 1090 4388 rhethorycker
1130 4337 1238 4374 was
1276 4323 1361 4374 tot
1396 4320 1664 4391 Leyden.“
