<?xml version="1.0" encoding="UTF-8"?>
<!DOCTYPE html PUBLIC "-//W3C//DTD XHTML 1.0 Transitional//EN"
    "http://www.w3.org/TR/xhtml1/DTD/xhtml1-transitional.dtd">
<html xmlns="http://www.w3.org/1999/xhtml" xml:lang="en" lang="en">
 <head>
  <title>
</title>
<meta http-equiv="Content-Type" content="text/html;charset=utf-8" />
  <meta name='ocr-system' content='tesseract 3.04.00' />
  <meta name='ocr-capabilities' content='ocr_page ocr_carea ocr_par ocr_line ocrx_word'/>
</head>
<body>
  <div class='ocr_page' id='page_1' title='image "./hermanniakersse00westgoog_0402.png"; bbox 0 0 3259 5075; ppageno 0'>
   <div class='ocr_carea' id='block_1_1' title="bbox 615 203 2075 281">
    <p class='ocr_par' dir='ltr' id='par_1_1' title="bbox 615 203 2075 281">
     <span class='ocr_line' id='line_1_1' title="bbox 615 203 2075 281; baseline 0.005 -14"><span class='ocrx_word' id='word_1_1' title='bbox 615 203 650 266; x_wconf 79' lang='lat'>7</span> <span class='ocrx_word' id='word_1_2' title='bbox 660 204 739 268; x_wconf 85' lang='lat'><strong>78</strong></span> <span class='ocrx_word' id='word_1_3' title='bbox 1466 205 1648 281; x_wconf 79' lang='lat' dir='ltr'><strong>Anno</strong></span> <span class='ocrx_word' id='word_1_4' title='bbox 1706 210 1872 274; x_wconf 77' lang='lat'>1535</span> <span class='ocrx_word' id='word_1_5' title='bbox 1917 211 2075 275; x_wconf 90' lang='lat' dir='ltr'><strong>acta.</strong></span> 
     </span>
    </p>
   </div>
   <div class='ocr_carea' id='block_1_2' title="bbox 602 381 3001 2390">
    <p class='ocr_par' dir='ltr' id='par_1_2' title="bbox 602 381 3001 2390">
     <span class='ocr_line' id='line_1_2' title="bbox 821 381 2999 474; baseline 0.005 -29"><span class='ocrx_word' id='word_1_6' title='bbox 821 381 1143 447; x_wconf 86' lang='lat' dir='ltr'><strong>Wilkinus</strong></span> <span class='ocrx_word' id='word_1_7' title='bbox 1208 382 1545 468; x_wconf 88' lang='lat' dir='ltr'><strong>Stedingus</strong></span> <span class='ocrx_word' id='word_1_8' title='bbox 1613 402 1759 449; x_wconf 90' lang='lat' dir='ltr'><strong>cum</strong></span> <span class='ocrx_word' id='word_1_9' title='bbox 1820 386 2210 470; x_wconf 79' lang='lat' dir='ltr'><strong>aliquamdiu</strong></span> <span class='ocrx_word' id='word_1_10' title='bbox 2285 388 2449 453; x_wconf 87' lang='lat' dir='ltr'><strong>nihil</strong></span> <span class='ocrx_word' id='word_1_11' title='bbox 2508 391 2822 474; x_wconf 82' lang='lat' dir='ltr'><strong>explorati</strong></span> <span class='ocrx_word' id='word_1_12' title='bbox 2893 410 2999 456; x_wconf 78' lang='lat' dir='ltr'><strong>ex</strong></span> 
     </span>
     <span class='ocr_line' id='line_1_3' title="bbox 609 488 3001 581; baseline 0.005 -29"><span class='ocrx_word' id='word_1_13' title='bbox 609 488 764 552; x_wconf 90' lang='lat' dir='ltr'><strong>urbe</strong></span> <span class='ocrx_word' id='word_1_14' title='bbox 804 488 1132 554; x_wconf 78' lang='lat' dir='ltr'><strong>habuisset</strong></span> <span class='ocrx_word' id='word_1_15' title='bbox 1177 492 1557 575; x_wconf 79' lang='lat' dir='ltr'><strong>cuperetque·</strong></span> <span class='ocrx_word' id='word_1_16' title='bbox 1595 491 1754 556; x_wconf 91' lang='lat' dir='ltr'><strong>scire</strong></span> <span class='ocrx_word' id='word_1_17' title='bbox 1783 511 2174 576; x_wconf 77' lang='lat' dir='ltr'>magnopere,</span> <span class='ocrx_word' id='word_1_18' title='bbox 2222 495 2379 578; x_wconf 92' lang='lat' dir='ltr'><strong>quid</strong></span> <span class='ocrx_word' id='word_1_19' title='bbox 2421 495 2489 560; x_wconf 89' lang='lat' dir='ltr'><strong>in</strong></span> <span class='ocrx_word' id='word_1_20' title='bbox 2523 498 2677 562; x_wconf 91' lang='lat' dir='ltr'><strong>urbe</strong></span> <span class='ocrx_word' id='word_1_21' title='bbox 2722 500 3001 581; x_wconf 73' lang='lat' dir='ltr'><strong>agatur</strong></span> 
     </span>
     <span class='ocr_line' id='line_1_4' title="bbox 608 593 2979 685; baseline 0.005 -27"><span class='ocrx_word' id='word_1_22' title='bbox 608 593 838 678; x_wconf 88' lang='lat' dir='ltr'><strong>quidve</strong></span> <span class='ocrx_word' id='word_1_23' title='bbox 883 595 1183 679; x_wconf 83' lang='lat' dir='ltr'><strong>oppidani</strong></span> <span class='ocrx_word' id='word_1_24' title='bbox 1245 596 1604 679; x_wconf 79' lang='lat' dir='ltr'><strong>moliantur,</strong></span> <span class='ocrx_word' id='word_1_25' title='bbox 1666 616 1740 663; x_wconf 84' lang='lat' dir='ltr'><strong>ex</strong></span> <span class='ocrx_word' id='word_1_26' title='bbox 1782 599 2087 683; x_wconf 90' lang='lat' dir='ltr'><strong>gregariis</strong></span> <span class='ocrx_word' id='word_1_27' title='bbox 2147 599 2361 685; x_wconf 86' lang='lat' dir='ltr'><strong>itaque</strong></span> <span class='ocrx_word' id='word_1_28' title='bbox 2405 603 2723 668; x_wconf 78' lang='lat' dir='ltr'><strong>militibus</strong></span> <span class='ocrx_word' id='word_1_29' title='bbox 2769 604 2979 668; x_wconf 82' lang='lat' dir='ltr'><strong>Han-</strong></span> 
     </span>
     <span class='ocr_line' id='line_1_5' title="bbox 609 703 2976 788; baseline 0.004 -23"><span class='ocrx_word' id='word_1_30' title='bbox 609 719 820 767; x_wconf 90' lang='lat' dir='ltr'><strong>sonem</strong></span> <span class='ocrx_word' id='word_1_31' title='bbox 866 703 925 767; x_wconf 90' lang='lat' dir='ltr'>N</span> <span class='ocrx_word' id='word_1_32' title='bbox 927 703 1201 786; x_wconf 91' lang='lat' dir='ltr'><strong>agelium</strong></span> <span class='ocrx_word' id='word_1_33' title='bbox 1220 705 1244 743; x_wconf 85' lang='lat'>¹</span> <span class='ocrx_word' id='word_1_34' title='bbox 1287 704 1914 788; x_wconf 86' lang='lat' dir='ltr'><strong>Francofordianum,</strong></span> <span class='ocrx_word' id='word_1_35' title='bbox 1986 706 2305 772; x_wconf 91' lang='lat' dir='ltr'><strong>hominem</strong></span> <span class='ocrx_word' id='word_1_36' title='bbox 2350 709 2653 774; x_wconf 90' lang='lat' dir='ltr'><strong>callidum</strong></span> <span class='ocrx_word' id='word_1_37' title='bbox 2697 712 2762 774; x_wconf 88' lang='lat' dir='ltr'><strong>et</strong></span> <span class='ocrx_word' id='word_1_38' title='bbox 2809 729 2976 774; x_wconf 89' lang='lat' dir='ltr'><strong>ver-</strong></span> 
     </span>
     <span class='ocr_line' id='line_1_6' title="bbox 609 809 2976 899; baseline 0.004 -27"><span class='ocrx_word' id='word_1_39' title='bbox 609 809 825 873; x_wconf 92' lang='lat' dir='ltr'><strong>sutum</strong></span> <span class='ocrx_word' id='word_1_40' title='bbox 855 810 1043 893; x_wconf 87' lang='lat' dir='ltr'><strong>atque</strong></span> <span class='ocrx_word' id='word_1_41' title='bbox 1074 810 1152 874; x_wconf 89' lang='lat' dir='ltr'><strong>ad</strong></span> <span class='ocrx_word' id='word_1_42' title='bbox 1196 810 1358 875; x_wconf 92' lang='lat' dir='ltr'><strong>hanc</strong></span> <span class='ocrx_word' id='word_1_43' title='bbox 1392 810 1672 876; x_wconf 87' lang='lat' dir='ltr'><strong>fabulam</strong></span> <span class='ocrx_word' id='word_1_44' title='bbox 1718 812 2135 896; x_wconf 80' lang='lat' dir='ltr'><strong>peragendam</strong></span> <span class='ocrx_word' id='word_1_45' title='bbox 2176 816 2415 897; x_wconf 84' lang='lat' dir='ltr'><strong>aptum,</strong></span> <span class='ocrx_word' id='word_1_46' title='bbox 2464 815 2708 899; x_wconf 83' lang='lat' dir='ltr'><strong>deligit,</strong></span> <span class='ocrx_word' id='word_1_47' title='bbox 2758 835 2976 898; x_wconf 88' lang='lat' dir='ltr'><strong>quem</strong></span> 
     </span>
     <span class='ocr_line' id='line_1_7' title="bbox 606 917 2970 1004; baseline 0.002 -22"><span class='ocrx_word' id='word_1_48' title='bbox 606 917 853 1002; x_wconf 91' lang='lat' dir='ltr'><strong>magnis</strong></span> <span class='ocrx_word' id='word_1_49' title='bbox 915 919 1200 1001; x_wconf 90' lang='lat' dir='ltr'><strong>pecuniis</strong></span> <span class='ocrx_word' id='word_1_50' title='bbox 1245 922 1310 986; x_wconf 90' lang='lat' dir='ltr'><strong>et</strong></span> <span class='ocrx_word' id='word_1_51' title='bbox 1353 920 1950 1004; x_wconf 82' lang='lat' dir='ltr'><strong>pollicitationibus,</strong></span> <span class='ocrx_word' id='word_1_52' title='bbox 2000 924 2076 987; x_wconf 89' lang='lat' dir='ltr'><strong>ut</strong></span> <span class='ocrx_word' id='word_1_53' title='bbox 2121 922 2418 988; x_wconf 91' lang='lat' dir='ltr'><strong>simulata</strong></span> <span class='ocrx_word' id='word_1_54' title='bbox 2483 921 2837 988; x_wconf 87' lang='lat' dir='ltr'><strong>defectione</strong></span> <span class='ocrx_word' id='word_1_55' title='bbox 2889 922 2970 987; x_wconf 88' lang='lat' dir='ltr'><strong>in</strong></span> 
     </span>
     <span class='ocr_line' id='line_1_8' title="bbox 607 1024 2980 1110; baseline 0.003 -22"><span class='ocrx_word' id='word_1_56' title='bbox 607 1024 829 1089; x_wconf 91' lang='lat' dir='ltr'><strong>urbem</strong></span> <span class='ocrx_word' id='word_1_57' title='bbox 873 1025 1261 1108; x_wconf 82' lang='lat' dir='ltr'><strong>exploratum</strong></span> <span class='ocrx_word' id='word_1_58' title='bbox 1307 1029 1609 1110; x_wconf 86' lang='lat' dir='ltr'><strong>transeat,</strong></span> <span class='ocrx_word' id='word_1_59' title='bbox 1683 1028 1933 1095; x_wconf 87' lang='lat' dir='ltr'><strong>invitat.</strong></span> <span class='ocrx_word' id='word_1_60' title='bbox 2025 1030 2090 1094; x_wconf 95' lang='lat' dir='ltr'><strong>Is</strong></span> <span class='ocrx_word' id='word_1_61' title='bbox 2136 1031 2466 1095; x_wconf 85' lang='lat' dir='ltr'><strong>interritus</strong></span> <span class='ocrx_word' id='word_1_62' title='bbox 2513 1031 2579 1095; x_wconf 88' lang='lat' dir='ltr'><strong>et</strong></span> <span class='ocrx_word' id='word_1_63' title='bbox 2624 1030 2980 1095; x_wconf 76' lang='lat' dir='ltr'><strong>confidens</strong></span> 
     </span>
     <span class='ocr_line' id='line_1_9' title="bbox 607 1130 2970 1217; baseline 0.002 -21"><span class='ocrx_word' id='word_1_64' title='bbox 607 1150 672 1196; x_wconf 91' lang='lat' dir='ltr'><strong>se</strong></span> <span class='ocrx_word' id='word_1_65' title='bbox 716 1130 1034 1197; x_wconf 87' lang='lat' dir='ltr'><strong>facturum</strong></span> <span class='ocrx_word' id='word_1_66' title='bbox 1099 1133 1342 1217; x_wconf 85' lang='lat' dir='ltr'><strong>recipit.</strong></span> <span class='ocrx_word' id='word_1_67' title='bbox 1436 1134 1734 1215; x_wconf 85' lang='lat' dir='ltr'><strong>Quaesita</strong></span> <span class='ocrx_word' id='word_1_68' title='bbox 1777 1137 1874 1200; x_wconf 89' lang='lat' dir='ltr'><strong>est</strong></span> <span class='ocrx_word' id='word_1_69' title='bbox 1917 1138 2126 1201; x_wconf 88' lang='lat' dir='ltr'><strong>autem</strong></span> <span class='ocrx_word' id='word_1_70' title='bbox 2187 1135 2510 1201; x_wconf 90' lang='lat' dir='ltr'><strong>commoda</strong></span> <span class='ocrx_word' id='word_1_71' title='bbox 2573 1135 2970 1201; x_wconf 86' lang='lat' dir='ltr'><strong>defectionis</strong></span> 
     </span>
     <span class='ocr_line' id='line_1_10' title="bbox 607 1238 2968 1326; baseline 0.002 -23"><span class='ocrx_word' id='word_1_72' title='bbox 607 1238 938 1304; x_wconf 83' lang='lat' dir='ltr'><strong>simulatae</strong></span> <span class='ocrx_word' id='word_1_73' title='bbox 983 1239 1241 1322; x_wconf 81' lang='lat' dir='ltr'><strong>occasio,</strong></span> <span class='ocrx_word' id='word_1_74' title='bbox 1312 1260 1388 1304; x_wconf 92' lang='lat' dir='ltr'><strong>ne</strong></span> <span class='ocrx_word' id='word_1_75' title='bbox 1433 1240 1971 1306; x_wconf 89' lang='lat' dir='ltr'><strong>commilitonibus</strong></span> <span class='ocrx_word' id='word_1_76' title='bbox 2031 1242 2214 1326; x_wconf 84' lang='lat' dir='ltr'><strong>fugae</strong></span> <span class='ocrx_word' id='word_1_77' title='bbox 2258 1242 2595 1307; x_wconf 89' lang='lat' dir='ltr'><strong>consilium</strong></span> <span class='ocrx_word' id='word_1_78' title='bbox 2641 1244 2968 1325; x_wconf 82' lang='lat' dir='ltr'><strong>patescat.</strong></span> 
     </span>
     <span class='ocr_line' id='line_1_11' title="bbox 606 1345 2964 1429; baseline 0.001 -19"><span class='ocrx_word' id='word_1_79' title='bbox 606 1345 906 1429; x_wconf 90' lang='lat' dir='ltr'><strong>Nagelius</strong></span> <span class='ocrx_word' id='word_1_80' title='bbox 951 1346 1112 1411; x_wconf 90' lang='lat' dir='ltr'><strong>forte</strong></span> <span class='ocrx_word' id='word_1_81' title='bbox 1156 1347 1225 1412; x_wconf 92' lang='lat' dir='ltr'><strong>in</strong></span> <span class='ocrx_word' id='word_1_82' title='bbox 1265 1347 1486 1412; x_wconf 89' lang='lat' dir='ltr'><strong>castris</strong></span> <span class='ocrx_word' id='word_1_83' title='bbox 1531 1347 1931 1412; x_wconf 88' lang='lat' dir='ltr'><strong>Mauritianis</strong></span> <span class='ocrx_word' id='word_1_84' title='bbox 1977 1367 2177 1414; x_wconf 90' lang='lat' dir='ltr'><strong>unum</strong></span> <span class='ocrx_word' id='word_1_85' title='bbox 2208 1368 2242 1413; x_wconf 94' lang='lat' dir='ltr'><strong>e</strong></span> <span class='ocrx_word' id='word_1_86' title='bbox 2272 1348 2818 1413; x_wconf 91' lang='lat' dir='ltr'><strong>commilitonibus</strong></span> <span class='ocrx_word' id='word_1_87' title='bbox 2872 1350 2964 1413; x_wconf 82' lang='lat' dir='ltr'><strong>ad</strong></span> 
     </span>
     <span class='ocr_line' id='line_1_12' title="bbox 606 1453 2966 1540; baseline 0.001 -23"><span class='ocrx_word' id='word_1_88' title='bbox 606 1453 774 1518; x_wconf 86' lang='lat' dir='ltr'><strong>aleae</strong></span> <span class='ocrx_word' id='word_1_89' title='bbox 818 1453 1031 1518; x_wconf 93' lang='lat' dir='ltr'><strong>lusum</strong></span> <span class='ocrx_word' id='word_1_90' title='bbox 1076 1456 1388 1536; x_wconf 87' lang='lat' dir='ltr'><strong>provocat.</strong></span> <span class='ocrx_word' id='word_1_91' title='bbox 1446 1454 1564 1519; x_wconf 90' lang='lat' dir='ltr'><strong>Ille</strong></span> <span class='ocrx_word' id='word_1_92' title='bbox 1593 1473 1739 1520; x_wconf 92' lang='lat' dir='ltr'><strong>vero</strong></span> <span class='ocrx_word' id='word_1_93' title='bbox 1769 1455 1940 1519; x_wconf 89' lang='lat' dir='ltr'><strong>intra</strong></span> <span class='ocrx_word' id='word_1_94' title='bbox 1983 1455 2442 1540; x_wconf 86' lang='lat' dir='ltr'><strong>propugnaculi</strong></span> <span class='ocrx_word' id='word_1_95' title='bbox 2473 1457 2649 1539; x_wconf 88' lang='lat' dir='ltr'><strong>septa</strong></span> <span class='ocrx_word' id='word_1_96' title='bbox 2678 1456 2966 1520; x_wconf 88' lang='lat' dir='ltr'><strong>minime</strong></span> 
     </span>
     <span class='ocr_line' id='line_1_13' title="bbox 605 1559 2960 1643; baseline 0.002 -20"><span class='ocrx_word' id='word_1_97' title='bbox 605 1559 949 1624; x_wconf 91' lang='lat' dir='ltr'><strong>ludendum</strong></span> <span class='ocrx_word' id='word_1_98' title='bbox 982 1560 1150 1625; x_wconf 92' lang='lat' dir='ltr'><strong>sicut</strong></span> <span class='ocrx_word' id='word_1_99' title='bbox 1178 1579 1292 1624; x_wconf 90' lang='lat' dir='ltr'><strong>nec</strong></span> <span class='ocrx_word' id='word_1_100' title='bbox 1330 1560 1741 1643; x_wconf 89' lang='lat' dir='ltr'><strong>pugnandum</strong></span> <span class='ocrx_word' id='word_1_101' title='bbox 1773 1580 1905 1626; x_wconf 91' lang='lat' dir='ltr'><strong>esse</strong></span> <span class='ocrx_word' id='word_1_102' title='bbox 1935 1561 2072 1626; x_wconf 91' lang='lat' dir='ltr'><strong>iure</strong></span> <span class='ocrx_word' id='word_1_103' title='bbox 2104 1561 2369 1626; x_wconf 90' lang='lat' dir='ltr'><strong>militari</strong></span> <span class='ocrx_word' id='word_1_104' title='bbox 2401 1562 2684 1642; x_wconf 83' lang='lat' dir='ltr'><strong>dictitat3</strong></span> <span class='ocrx_word' id='word_1_105' title='bbox 2734 1561 2960 1627; x_wconf 73' lang='lat' dir='ltr'><strong>edicto</strong></span> 
     </span>
     <span class='ocr_line' id='line_1_14' title="bbox 604 1666 2968 1751; baseline 0 -20"><span class='ocrx_word' id='word_1_106' title='bbox 604 1666 774 1731; x_wconf 90' lang='lat' dir='ltr'><strong>enim</strong></span> <span class='ocrx_word' id='word_1_107' title='bbox 818 1666 982 1731; x_wconf 93' lang='lat' dir='ltr'><strong>illud</strong></span> <span class='ocrx_word' id='word_1_108' title='bbox 1013 1685 1050 1731; x_wconf 93' lang='lat' dir='ltr'><strong>a</strong></span> <span class='ocrx_word' id='word_1_109' title='bbox 1078 1667 1345 1732; x_wconf 91' lang='lat' dir='ltr'><strong>ducibus</strong></span> <span class='ocrx_word' id='word_1_110' title='bbox 1389 1667 1658 1732; x_wconf 87' lang='lat' dir='ltr'><strong>militiae</strong></span> <span class='ocrx_word' id='word_1_111' title='bbox 1691 1668 1959 1732; x_wconf 89' lang='lat' dir='ltr'><strong>vetitum</strong></span> <span class='ocrx_word' id='word_1_112' title='bbox 1991 1684 2152 1749; x_wconf 85' lang='lat' dir='ltr'><strong>esse;</strong></span> <span class='ocrx_word' id='word_1_113' title='bbox 2202 1668 2257 1732; x_wconf 93' lang='lat' dir='ltr'><strong>si</strong></span> <span class='ocrx_word' id='word_1_114' title='bbox 2286 1688 2431 1751; x_wconf 89' lang='lat' dir='ltr'><strong>ergo</strong></span> <span class='ocrx_word' id='word_1_115' title='bbox 2466 1686 2676 1732; x_wconf 92' lang='lat' dir='ltr'><strong>secum</strong></span> <span class='ocrx_word' id='word_1_116' title='bbox 2723 1666 2968 1732; x_wconf 76' lang='lat' dir='ltr'><strong>ludere</strong></span> 
     </span>
     <span class='ocr_line' id='line_1_15' title="bbox 604 1773 2964 1859; baseline 0.001 -22"><span class='ocrx_word' id='word_1_117' title='bbox 604 1774 777 1855; x_wconf 89' lang='lat' dir='ltr'><strong>velit,</strong></span> <span class='ocrx_word' id='word_1_118' title='bbox 828 1775 1004 1856; x_wconf 90' lang='lat' dir='ltr'><strong>septa</strong></span> <span class='ocrx_word' id='word_1_119' title='bbox 1034 1773 1490 1857; x_wconf 91' lang='lat' dir='ltr'><strong>propugnaculi</strong></span> <span class='ocrx_word' id='word_1_120' title='bbox 1521 1776 1721 1853; x_wconf 81' lang='lat' dir='ltr'><strong>exeat3</strong></span> <span class='ocrx_word' id='word_1_121' title='bbox 1772 1794 1837 1839; x_wconf 92' lang='lat' dir='ltr'><strong>se</strong></span> <span class='ocrx_word' id='word_1_122' title='bbox 1868 1775 1947 1839; x_wconf 90' lang='lat' dir='ltr'><strong>ad</strong></span> <span class='ocrx_word' id='word_1_123' title='bbox 1978 1775 2232 1859; x_wconf 84' lang='lat' dir='ltr'><strong>quaevis</strong></span> <span class='ocrx_word' id='word_1_124' title='bbox 2263 1776 2570 1858; x_wconf 89' lang='lat' dir='ltr'><strong>paratum.</strong></span> <span class='ocrx_word' id='word_1_125' title='bbox 2635 1773 2697 1839; x_wconf 89' lang='lat' dir='ltr'>N</span> <span class='ocrx_word' id='word_1_126' title='bbox 2698 1774 2964 1857; x_wconf 86' lang='lat' dir='ltr'><strong>agelius</strong></span> 
     </span>
     <span class='ocr_line' id='line_1_16' title="bbox 606 1879 2957 1961; baseline -0.001 -15"><span class='ocrx_word' id='word_1_127' title='bbox 606 1899 750 1946; x_wconf 90' lang='lat' dir='ltr'><strong>vero</strong></span> <span class='ocrx_word' id='word_1_128' title='bbox 782 1879 1101 1945; x_wconf 89' lang='lat' dir='ltr'><strong>ardentius</strong></span> <span class='ocrx_word' id='word_1_129' title='bbox 1146 1880 1345 1945; x_wconf 91' lang='lat' dir='ltr'><strong>instat</strong></span> <span class='ocrx_word' id='word_1_130' title='bbox 1388 1900 1501 1944; x_wconf 89' lang='lat' dir='ltr'><strong>nec</strong></span> <span class='ocrx_word' id='word_1_131' title='bbox 1530 1881 1720 1945; x_wconf 87' lang='lat' dir='ltr'><strong>finem</strong></span> <span class='ocrx_word' id='word_1_132' title='bbox 1765 1900 1880 1945; x_wconf 91' lang='lat' dir='ltr'><strong>nec</strong></span> <span class='ocrx_word' id='word_1_133' title='bbox 1910 1881 2167 1945; x_wconf 91' lang='lat' dir='ltr'><strong>modum</strong></span> <span class='ocrx_word' id='word_1_134' title='bbox 2210 1880 2557 1945; x_wconf 85' lang='lat' dir='ltr'><strong>lacessendi</strong></span> <span class='ocrx_word' id='word_1_135' title='bbox 2594 1879 2780 1961; x_wconf 82' lang='lat' dir='ltr'><strong>facit3</strong></span> <span class='ocrx_word' id='word_1_136' title='bbox 2829 1881 2957 1944; x_wconf 91' lang='lat' dir='ltr'><strong>ubi</strong></span> 
     </span>
     <span class='ocr_line' id='line_1_17' title="bbox 603 1985 2968 2070; baseline 0 -19"><span class='ocrx_word' id='word_1_137' title='bbox 603 2005 749 2051; x_wconf 91' lang='lat' dir='ltr'><strong>vero</strong></span> <span class='ocrx_word' id='word_1_138' title='bbox 795 1986 958 2050; x_wconf 93' lang='lat' dir='ltr'><strong>nihil</strong></span> <span class='ocrx_word' id='word_1_139' title='bbox 1002 1985 1352 2069; x_wconf 88' lang='lat' dir='ltr'><strong>perficeret,</strong></span> <span class='ocrx_word' id='word_1_140' title='bbox 1422 1985 1656 2069; x_wconf 87' lang='lat' dir='ltr'><strong>raptim</strong></span> <span class='ocrx_word' id='word_1_141' title='bbox 1700 2004 1873 2050; x_wconf 91' lang='lat' dir='ltr'><strong>arma</strong></span> <span class='ocrx_word' id='word_1_142' title='bbox 1919 1985 2206 2068; x_wconf 87' lang='lat' dir='ltr'><strong>corripit,</strong></span> <span class='ocrx_word' id='word_1_143' title='bbox 2277 1987 2457 2070; x_wconf 92' lang='lat' dir='ltr'><strong>quasi</strong></span> <span class='ocrx_word' id='word_1_144' title='bbox 2504 2005 2812 2070; x_wconf 91' lang='lat' dir='ltr'><strong>magnum</strong></span> <span class='ocrx_word' id='word_1_145' title='bbox 2859 1986 2968 2051; x_wconf 85' lang='lat' dir='ltr'><strong>sit-</strong></span> 
     </span>
     <span class='ocr_line' id='line_1_18' title="bbox 604 2091 2951 2177; baseline -0 -20"><span class='ocrx_word' id='word_1_146' title='bbox 604 2091 919 2177; x_wconf 91' lang='lat' dir='ltr'><strong>flagitium</strong></span> <span class='ocrx_word' id='word_1_147' title='bbox 964 2091 1233 2156; x_wconf 91' lang='lat' dir='ltr'><strong>militem</strong></span> <span class='ocrx_word' id='word_1_148' title='bbox 1279 2111 1504 2176; x_wconf 84' lang='lat' dir='ltr'><strong>negare</strong></span> <span class='ocrx_word' id='word_1_149' title='bbox 1547 2092 1747 2157; x_wconf 89' lang='lat' dir='ltr'><strong>militi</strong></span> <span class='ocrx_word' id='word_1_150' title='bbox 1790 2093 2028 2157; x_wconf 87' lang='lat' dir='ltr'><strong>iactum</strong></span> <span class='ocrx_word' id='word_1_151' title='bbox 2060 2094 2246 2173; x_wconf 80' lang='lat' dir='ltr'><strong>aleae,</strong></span> <span class='ocrx_word' id='word_1_152' title='bbox 2296 2093 2460 2157; x_wconf 92' lang='lat' dir='ltr'><strong>unde</strong></span> <span class='ocrx_word' id='word_1_153' title='bbox 2496 2113 2674 2158; x_wconf 90' lang='lat' dir='ltr'><strong>suam</strong></span> <span class='ocrx_word' id='word_1_154' title='bbox 2720 2093 2951 2157; x_wconf 81' lang='lat' dir='ltr'><strong>existi-</strong></span> 
     </span>
     <span class='ocr_line' id='line_1_19' title="bbox 602 2197 2952 2284; baseline 0 -21"><span class='ocrx_word' id='word_1_155' title='bbox 602 2199 943 2263; x_wconf 89' lang='lat' dir='ltr'><strong>mationem</strong></span> <span class='ocrx_word' id='word_1_156' title='bbox 986 2197 1190 2262; x_wconf 86' lang='lat' dir='ltr'><strong>minui</strong></span> <span class='ocrx_word' id='word_1_157' title='bbox 1234 2200 1515 2283; x_wconf 88' lang='lat' dir='ltr'><strong>putabat.</strong></span> <span class='ocrx_word' id='word_1_158' title='bbox 1579 2200 1733 2265; x_wconf 90' lang='lat' dir='ltr'><strong>Post</strong></span> <span class='ocrx_word' id='word_1_159' title='bbox 1778 2199 2235 2284; x_wconf 86' lang='lat' dir='ltr'><strong>logomachiam</strong></span> <span class='ocrx_word' id='word_1_160' title='bbox 2279 2200 2447 2265; x_wconf 89' lang='lat' dir='ltr'><strong>ultro</strong></span> <span class='ocrx_word' id='word_1_161' title='bbox 2496 2201 2779 2283; x_wconf 90' lang='lat' dir='ltr'><strong>citroque</strong></span> <span class='ocrx_word' id='word_1_162' title='bbox 2825 2201 2952 2264; x_wconf 87' lang='lat' dir='ltr'><strong>ha-</strong></span> 
     </span>
     <span class='ocr_line' id='line_1_20' title="bbox 604 2305 2950 2390; baseline 0 -20"><span class='ocrx_word' id='word_1_163' title='bbox 604 2306 804 2371; x_wconf 90' lang='lat' dir='ltr'><strong>bitam</strong></span> <span class='ocrx_word' id='word_1_164' title='bbox 849 2305 1182 2369; x_wconf 86' lang='lat' dir='ltr'><strong>vibrantur</strong></span> <span class='ocrx_word' id='word_1_165' title='bbox 1227 2306 1522 2390; x_wconf 89' lang='lat' dir='ltr'><strong>utrinque</strong></span> <span class='ocrx_word' id='word_1_166' title='bbox 1570 2326 1761 2372; x_wconf 89' lang='lat' dir='ltr'><strong>arma.</strong></span> <span class='ocrx_word' id='word_1_167' title='bbox 1853 2306 2152 2390; x_wconf 89' lang='lat' dir='ltr'><strong>Nagelius</strong></span> <span class='ocrx_word' id='word_1_168' title='bbox 2199 2307 2506 2372; x_wconf 88' lang='lat' dir='ltr'><strong>caedendo</strong></span> <span class='ocrx_word' id='word_1_169' title='bbox 2571 2307 2950 2390; x_wconf 90' lang='lat' dir='ltr'><strong>pungendo-</strong></span> 
     </span>
    </p>
   </div>
   <div class='ocr_carea' id='block_1_3' title="bbox 566 2411 2944 2497">
    <p class='ocr_par' dir='ltr' id='par_1_3' title="bbox 566 2411 2944 2497">
     <span class='ocr_line' id='line_1_21' title="bbox 566 2411 2944 2497; baseline 0 -20"><span class='ocrx_word' id='word_1_170' title='bbox 566 2430 725 2495; x_wconf 90' lang='lat' dir='ltr'><strong>.que</strong></span> <span class='ocrx_word' id='word_1_171' title='bbox 771 2411 949 2491; x_wconf 90' lang='lat' dir='ltr'><strong>serio,</strong></span> <span class='ocrx_word' id='word_1_172' title='bbox 1016 2412 1092 2475; x_wconf 92' lang='lat' dir='ltr'><strong>ut</strong></span> <span class='ocrx_word' id='word_1_173' title='bbox 1135 2411 1496 2495; x_wconf 88' lang='lat' dir='ltr'><strong>putabatur,</strong></span> <span class='ocrx_word' id='word_1_174' title='bbox 1565 2412 1780 2478; x_wconf 88' lang='lat' dir='ltr'><strong>instat.</strong></span> <span class='ocrx_word' id='word_1_175' title='bbox 1875 2413 2057 2477; x_wconf 89' lang='lat' dir='ltr'><strong>Alter</strong></span> <span class='ocrx_word' id='word_1_176' title='bbox 2101 2432 2243 2478; x_wconf 90' lang='lat' dir='ltr'><strong>vero</strong></span> <span class='ocrx_word' id='word_1_177' title='bbox 2291 2413 2538 2497; x_wconf 77' lang='lat' dir='ltr'><strong>*gladio</strong></span> <span class='ocrx_word' id='word_1_178' title='bbox 2587 2431 2700 2477; x_wconf 93' lang='lat' dir='ltr'><strong>suo</strong></span> <span class='ocrx_word' id='word_1_179' title='bbox 2768 2412 2944 2478; x_wconf 88' lang='lat' dir='ltr'><strong>ictus</strong></span> 
     </span>
    </p>
   </div>
   <div class='ocr_carea' id='block_1_4' title="bbox 596 2516 2951 3563">
    <p class='ocr_par' dir='ltr' id='par_1_4' title="bbox 596 2516 2951 3563">
     <span class='ocr_line' id='line_1_22' title="bbox 604 2516 2951 2605; baseline 0.001 -21"><span class='ocrx_word' id='word_1_180' title='bbox 604 2517 836 2600; x_wconf 84' lang='lat' dir='ltr'><strong>excipit</strong></span> <span class='ocrx_word' id='word_1_181' title='bbox 881 2516 1231 2602; x_wconf 83' lang='lat' dir='ltr'><strong>eluditque,</strong></span> <span class='ocrx_word' id='word_1_182' title='bbox 1302 2520 1639 2585; x_wconf 89' lang='lat' dir='ltr'><strong>retrocedit</strong></span> <span class='ocrx_word' id='word_1_183' title='bbox 1681 2541 1794 2586; x_wconf 94' lang='lat' dir='ltr'><strong>nec</strong></span> <span class='ocrx_word' id='word_1_184' title='bbox 1840 2521 2210 2586; x_wconf 89' lang='lat' dir='ltr'><strong>reverberat.</strong></span> <span class='ocrx_word' id='word_1_185' title='bbox 2303 2521 2551 2587; x_wconf 90' lang='lat' dir='ltr'><strong>Interea</strong></span> <span class='ocrx_word' id='word_1_186' title='bbox 2595 2520 2951 2605; x_wconf 86' lang='lat' dir='ltr'><strong>Stedingus</strong></span> 
     </span>
     <span class='ocr_line' id='line_1_23' title="bbox 602 2624 2944 2711; baseline 0 -20"><span class='ocrx_word' id='word_1_187' title='bbox 602 2625 834 2709; x_wconf 92' lang='lat' dir='ltr'><strong>aliique</strong></span> <span class='ocrx_word' id='word_1_188' title='bbox 865 2624 1131 2689; x_wconf 90' lang='lat' dir='ltr'><strong>militiae</strong></span> <span class='ocrx_word' id='word_1_189' title='bbox 1177 2626 1475 2709; x_wconf 89' lang='lat' dir='ltr'><strong>praefecti</strong></span> <span class='ocrx_word' id='word_1_190' title='bbox 1521 2627 1639 2693; x_wconf 94' lang='lat' dir='ltr'><strong>hoc</strong></span> <span class='ocrx_word' id='word_1_191' title='bbox 1685 2627 1988 2692; x_wconf 85' lang='lat' dir='ltr'><strong>inusitato</strong></span> <span class='ocrx_word' id='word_1_192' title='bbox 2021 2630 2198 2692; x_wconf 91' lang='lat' dir='ltr'><strong>motu</strong></span> <span class='ocrx_word' id='word_1_193' title='bbox 2231 2647 2302 2692; x_wconf 81' lang='lat' dir='ltr'><strong>ex</strong></span> <span class='ocrx_word' id='word_1_194' title='bbox 2332 2629 2677 2711; x_wconf 91' lang='lat' dir='ltr'><strong>composito</strong></span> <span class='ocrx_word' id='word_1_195' title='bbox 2723 2630 2944 2692; x_wconf 90' lang='lat' dir='ltr'><strong>tamen</strong></span> 
     </span>
     <span class='ocr_line' id='line_1_24' title="bbox 601 2731 2937 2818; baseline 0.001 -21"><span class='ocrx_word' id='word_1_196' title='bbox 601 2732 764 2797; x_wconf 83' lang='lat' dir='ltr'><strong>facto</strong></span> <span class='ocrx_word' id='word_1_197' title='bbox 810 2731 1064 2796; x_wconf 80' lang='lat' dir='ltr'><strong>excitati</strong></span> <span class='ocrx_word' id='word_1_198' title='bbox 1123 2737 1459 2799; x_wconf 89' lang='lat' dir='ltr'><strong>accurrunt</strong></span> <span class='ocrx_word' id='word_1_199' title='bbox 1517 2753 1917 2818; x_wconf 88' lang='lat' dir='ltr'><strong>pugnamque</strong></span> <span class='ocrx_word' id='word_1_200' title='bbox 1963 2734 2273 2799; x_wconf 91' lang='lat' dir='ltr'><strong>dirimunt</strong></span> <span class='ocrx_word' id='word_1_201' title='bbox 2317 2737 2380 2800; x_wconf 90' lang='lat' dir='ltr'><strong>et</strong></span> <span class='ocrx_word' id='word_1_202' title='bbox 2425 2754 2678 2799; x_wconf 81' lang='lat' dir='ltr'><strong>causam</strong></span> <span class='ocrx_word' id='word_1_203' title='bbox 2723 2737 2937 2799; x_wconf 83' lang='lat' dir='ltr'><strong>motus</strong></span> 
     </span>
     <span class='ocr_line' id='line_1_25' title="bbox 600 2839 2933 2925; baseline 0 -21"><span class='ocrx_word' id='word_1_204' title='bbox 600 2840 950 2924; x_wconf 91' lang='lat' dir='ltr'><strong>inquirunt.</strong></span> <span class='ocrx_word' id='word_1_205' title='bbox 1020 2839 1527 2923; x_wconf 82' lang='lat' dir='ltr'><strong>Deprehenditur</strong></span> <span class='ocrx_word' id='word_1_206' title='bbox 1569 2842 1824 2906; x_wconf 87' lang='lat' dir='ltr'><strong>tandem</strong></span> <span class='ocrx_word' id='word_1_207' title='bbox 1854 2842 1913 2906; x_wconf 90' lang='lat' dir='ltr'>N</span> <span class='ocrx_word' id='word_1_208' title='bbox 1916 2841 2154 2925; x_wconf 89' lang='lat' dir='ltr'><strong>agelius</strong></span> <span class='ocrx_word' id='word_1_209' title='bbox 2201 2841 2392 2923; x_wconf 91' lang='lat' dir='ltr'><strong>primi</strong></span> <span class='ocrx_word' id='word_1_210' title='bbox 2436 2844 2648 2906; x_wconf 89' lang='lat' dir='ltr'><strong>motus</strong></span> <span class='ocrx_word' id='word_1_211' title='bbox 2681 2843 2933 2922; x_wconf 80' lang='lat' dir='ltr'><strong>auctor3</strong></span> 
     </span>
     <span class='ocr_line' id='line_1_26' title="bbox 598 2946 2944 3032; baseline 0 -20"><span class='ocrx_word' id='word_1_212' title='bbox 598 2946 810 3032; x_wconf 88' lang='lat' dir='ltr'><strong>itaque</strong></span> <span class='ocrx_word' id='word_1_213' title='bbox 857 2946 1021 3031; x_wconf 89' lang='lat' dir='ltr'><strong>quod</strong></span> <span class='ocrx_word' id='word_1_214' title='bbox 1082 2965 1298 3030; x_wconf 87' lang='lat' dir='ltr'><strong>pacem</strong></span> <span class='ocrx_word' id='word_1_215' title='bbox 1357 2947 1678 3030; x_wconf 86' lang='lat' dir='ltr'><strong>publicam</strong></span> <span class='ocrx_word' id='word_1_216' title='bbox 1739 2947 2198 3031; x_wconf 90' lang='lat' dir='ltr'><strong>propugnaculi</strong></span> <span class='ocrx_word' id='word_1_217' title='bbox 2241 2947 2538 3012; x_wconf 86' lang='lat' dir='ltr'><strong>violasset</strong></span> <span class='ocrx_word' id='word_1_218' title='bbox 2582 2947 2944 3031; x_wconf 89' lang='lat' dir='ltr'><strong>dignusque</strong></span> 
     </span>
     <span class='ocr_line' id='line_1_27' title="bbox 599 3053 2944 3144; baseline 0 -26"><span class='ocrx_word' id='word_1_219' title='bbox 599 3053 826 3118; x_wconf 88' lang='lat' dir='ltr'><strong>ultimo</strong></span> <span class='ocrx_word' id='word_1_220' title='bbox 860 3053 1167 3137; x_wconf 91' lang='lat' dir='ltr'><strong>supplicio</strong></span> <span class='ocrx_word' id='word_1_221' title='bbox 1214 3054 1469 3119; x_wconf 90' lang='lat' dir='ltr'><strong>habitus</strong></span> <span class='ocrx_word' id='word_1_222' title='bbox 1502 3057 1680 3133; x_wconf 91' lang='lat' dir='ltr'><strong>esset,</strong></span> <span class='ocrx_word' id='word_1_223' title='bbox 1731 3054 2135 3138; x_wconf 90' lang='lat' dir='ltr'><strong>compedibus</strong></span> <span class='ocrx_word' id='word_1_224' title='bbox 2182 3053 2427 3144; x_wconf 84' lang='lat' dir='ltr'><strong>tribuni</strong></span> <span class='ocrx_word' id='word_1_225' title='bbox 2475 3053 2944 3138; x_wconf 80' lang='lat' dir='ltr'><strong>constringitur</strong></span> 
     </span>
     <span class='ocr_line' id='line_1_28' title="bbox 600 3159 2931 3244; baseline 0 -21"><span class='ocrx_word' id='word_1_226' title='bbox 600 3159 1038 3244; x_wconf 88' lang='lat' dir='ltr'><strong>detineturque</strong></span> <span class='ocrx_word' id='word_1_227' title='bbox 1083 3161 1371 3244; x_wconf 90' lang='lat' dir='ltr'><strong>captivus</strong></span> <span class='ocrx_word' id='word_1_228' title='bbox 1435 3159 1738 3241; x_wconf 86' lang='lat' dir='ltr'><strong>triduum,</strong></span> <span class='ocrx_word' id='word_1_229' title='bbox 1788 3180 1866 3225; x_wconf 91' lang='lat' dir='ltr'><strong>ne</strong></span> <span class='ocrx_word' id='word_1_230' title='bbox 1910 3160 2125 3225; x_wconf 87' lang='lat' dir='ltr'><strong>sabula</strong></span> <span class='ocrx_word' id='word_1_231' title='bbox 2168 3160 2489 3242; x_wconf 89' lang='lat' dir='ltr'><strong>prodatur.</strong></span> <span class='ocrx_word' id='word_1_232' title='bbox 2582 3159 2739 3224; x_wconf 90' lang='lat' dir='ltr'><strong>Inde</strong></span> <span class='ocrx_word' id='word_1_233' title='bbox 2785 3178 2931 3224; x_wconf 91' lang='lat' dir='ltr'><strong>cum</strong></span> 
     </span>
     <span class='ocr_line' id='line_1_29' title="bbox 600 3265 2930 3351; baseline 0 -20"><span class='ocrx_word' id='word_1_234' title='bbox 600 3265 937 3349; x_wconf 87' lang='lat' dir='ltr'><strong>Stedingus</strong></span> <span class='ocrx_word' id='word_1_235' title='bbox 1006 3266 1357 3351; x_wconf 87' lang='lat' dir='ltr'><strong>reliquique</strong></span> <span class='ocrx_word' id='word_1_236' title='bbox 1424 3266 1613 3331; x_wconf 92' lang='lat' dir='ltr'><strong>duces</strong></span> <span class='ocrx_word' id='word_1_237' title='bbox 1682 3267 1879 3333; x_wconf 88' lang='lat' dir='ltr'><strong>animi</strong></span> <span class='ocrx_word' id='word_1_238' title='bbox 1946 3267 2298 3333; x_wconf 87' lang='lat' dir='ltr'><strong>oblectandi</strong></span> <span class='ocrx_word' id='word_1_239' title='bbox 2366 3268 2571 3350; x_wconf 87' lang='lat' dir='ltr'><strong>gratia</strong></span> <span class='ocrx_word' id='word_1_240' title='bbox 2637 3267 2706 3331; x_wconf 92' lang='lat' dir='ltr'><strong>in</strong></span> <span class='ocrx_word' id='word_1_241' title='bbox 2754 3267 2930 3351; x_wconf 89' lang='lat' dir='ltr'><strong>equis</strong></span> 
     </span>
     <span class='ocr_line' id='line_1_30' title="bbox 596 3371 2927 3456; baseline 0 -20"><span class='ocrx_word' id='word_1_242' title='bbox 596 3371 833 3455; x_wconf 90' lang='lat' dir='ltr'><strong>passim</strong></span> <span class='ocrx_word' id='word_1_243' title='bbox 879 3372 1269 3455; x_wconf 86' lang='lat' dir='ltr'><strong>veherentur,</strong></span> <span class='ocrx_word' id='word_1_244' title='bbox 1316 3373 1620 3456; x_wconf 87' lang='lat' dir='ltr'><strong>Nagelius</strong></span> <span class='ocrx_word' id='word_1_245' title='bbox 1666 3373 1923 3438; x_wconf 83' lang='lat' dir='ltr'><strong>interim</strong></span> <span class='ocrx_word' id='word_1_246' title='bbox 1968 3373 2223 3438; x_wconf 87' lang='lat' dir='ltr'><strong>adiutus</strong></span> <span class='ocrx_word' id='word_1_247' title='bbox 2267 3392 2379 3455; x_wconf 93' lang='lat' dir='ltr'><strong>per</strong></span> <span class='ocrx_word' id='word_1_248' title='bbox 2422 3373 2756 3437; x_wconf 89' lang='lat' dir='ltr'><strong>tribunum</strong></span> <span class='ocrx_word' id='word_1_249' title='bbox 2801 3374 2927 3437; x_wconf 93' lang='lat' dir='ltr'><strong>col-</strong></span> 
     </span>
     <span class='ocr_line' id='line_1_31' title="bbox 596 3478 2924 3563; baseline -0 -20"><span class='ocrx_word' id='word_1_250' title='bbox 596 3478 860 3544; x_wconf 91' lang='lat' dir='ltr'><strong>lusionis</strong></span> <span class='ocrx_word' id='word_1_251' title='bbox 894 3479 1214 3544; x_wconf 91' lang='lat' dir='ltr'><strong>conscium</strong></span> <span class='ocrx_word' id='word_1_252' title='bbox 1245 3480 1519 3544; x_wconf 89' lang='lat' dir='ltr'><strong>claustra</strong></span> <span class='ocrx_word' id='word_1_253' title='bbox 1548 3480 1918 3563; x_wconf 89' lang='lat' dir='ltr'><strong>compedum</strong></span> <span class='ocrx_word' id='word_1_254' title='bbox 1962 3480 2131 3544; x_wconf 83' lang='lat' dir='ltr'><strong>laxat</strong></span> <span class='ocrx_word' id='word_1_255' title='bbox 2160 3481 2225 3544; x_wconf 89' lang='lat' dir='ltr'><strong>et</strong></span> <span class='ocrx_word' id='word_1_256' title='bbox 2268 3498 2400 3544; x_wconf 92' lang='lat' dir='ltr'><strong>sese</strong></span> <span class='ocrx_word' id='word_1_257' title='bbox 2434 3498 2650 3544; x_wconf 90' lang='lat' dir='ltr'><strong>versus</strong></span> <span class='ocrx_word' id='word_1_258' title='bbox 2686 3480 2924 3559; x_wconf 86' lang='lat' dir='ltr'><strong>urbem,</strong></span> 
     </span>
    </p>
   </div>
   <div class='ocr_carea' id='block_1_5' title="bbox 594 3659 1019 3669">
    <p class='ocr_par' dir='ltr' id='par_1_5' title="bbox 594 3659 1019 3669">
     <span class='ocr_line' id='line_1_32' title="bbox 594 3659 1019 3669; baseline 0 1406"><span class='ocrx_word' id='word_1_259' title='bbox 594 3659 1019 3669; x_wconf 95' lang='lat' dir='ltr'><strong> </strong></span> 
     </span>
    </p>
   </div>
   <div class='ocr_carea' id='block_1_6' title="bbox 591 3762 3032 4278">
    <p class='ocr_par' dir='ltr' id='par_1_6' title="bbox 591 3762 3032 4278">
     <span class='ocr_line' id='line_1_33' title="bbox 812 3762 3032 3850; baseline -0.001 -31"><span class='ocrx_word' id='word_1_260' title='bbox 812 3765 854 3828; x_wconf 77' lang='grc' dir='ltr'><strong>ι)</strong></span> <span class='ocrx_word' id='word_1_261' title='bbox 890 3765 1169 3834; x_wconf 83' lang='lat' dir='ltr'><strong>Aussagen</strong></span> <span class='ocrx_word' id='word_1_262' title='bbox 1206 3764 1300 3818; x_wconf 89' lang='lat' dir='ltr'><strong>des</strong></span> <span class='ocrx_word' id='word_1_263' title='bbox 1338 3763 1406 3817; x_wconf 88' lang='grc' dir='ltr'><strong>Η.</strong></span> <span class='ocrx_word' id='word_1_264' title='bbox 1446 3763 1642 3833; x_wconf 77' lang='lat' dir='ltr'><strong>Nagel.</strong></span> <span class='ocrx_word' id='word_1_265' title='bbox 1690 3763 1778 3817; x_wconf 90' lang='lat' dir='ltr'><strong>die</strong></span> <span class='ocrx_word' id='word_1_266' title='bbox 1814 3763 1994 3817; x_wconf 87' lang='lat' dir='ltr'><strong>Kerss.</strong></span> <span class='ocrx_word' id='word_1_267' title='bbox 2031 3762 2209 3833; x_wconf 86' lang='lat' dir='ltr'><strong>gleich</strong></span> <span class='ocrx_word' id='word_1_268' title='bbox 2247 3763 2434 3817; x_wconf 86' lang='lat' dir='ltr'><strong>weiter</strong></span> <span class='ocrx_word' id='word_1_269' title='bbox 2466 3765 2636 3816; x_wconf 88' lang='lat' dir='ltr'><strong>unten</strong></span> <span class='ocrx_word' id='word_1_270' title='bbox 2685 3762 2928 3850; x_wconf 56' lang='lat' dir='ltr'><strong>benutzt3</strong></span> <span class='ocrx_word' id='word_1_271' title='bbox 3029 3823 3032 3824; x_wconf 12' lang='lat'><em>⁷</em></span> 
     </span>
     <span class='ocr_line' id='line_1_34' title="bbox 594 3849 2921 3926; baseline -0.001 -19"><span class='ocrx_word' id='word_1_272' title='bbox 594 3852 844 3907; x_wconf 87' lang='lat' dir='ltr'><strong>befinden</strong></span> <span class='ocrx_word' id='word_1_273' title='bbox 881 3852 995 3907; x_wconf 89' lang='lat' dir='ltr'><strong>sich</strong></span> <span class='ocrx_word' id='word_1_274' title='bbox 1031 3854 1106 3907; x_wconf 89' lang='lat' dir='ltr'><strong>im</strong></span> <span class='ocrx_word' id='word_1_275' title='bbox 1143 3852 1314 3907; x_wconf 59' lang='lat' dir='ltr'><strong>‘sa-A.</strong></span> <span class='ocrx_word' id='word_1_276' title='bbox 1339 3852 1413 3907; x_wconf 82' lang='lat' dir='ltr'><strong>M.</strong></span> <span class='ocrx_word' id='word_1_277' title='bbox 1449 3852 1523 3906; x_wconf 84' lang='lat' dir='ltr'><strong>M.</strong></span> <span class='ocrx_word' id='word_1_278' title='bbox 1544 3852 1605 3906; x_wconf 89' lang='lat' dir='ltr'><strong>L.</strong></span> <span class='ocrx_word' id='word_1_279' title='bbox 1625 3851 1690 3906; x_wconf 78' lang='lat' dir='ltr'><strong>A.</strong></span> <span class='ocrx_word' id='word_1_280' title='bbox 1717 3851 1911 3917; x_wconf 74' lang='grc'><strong>518119</strong></span> <span class='ocrx_word' id='word_1_281' title='bbox 1938 3851 2002 3906; x_wconf 91' lang='lat' dir='ltr'><strong>V.</strong></span> <span class='ocrx_word' id='word_1_282' title='bbox 2028 3850 2122 3905; x_wconf 81' lang='lat' dir='ltr'><strong>fol.</strong></span> <span class='ocrx_word' id='word_1_283' title='bbox 2149 3851 2329 3926; x_wconf 35' lang='lat' dir='ltr'><strong>311-ff.</strong></span> <span class='ocrx_word' id='word_1_284' title='bbox 2393 3849 2541 3904; x_wconf 92' lang='lat' dir='ltr'><strong>Doch</strong></span> <span class='ocrx_word' id='word_1_285' title='bbox 2580 3850 2720 3904; x_wconf 72' lang='lat' dir='ltr'><strong>murs</strong></span> <span class='ocrx_word' id='word_1_286' title='bbox 2747 3851 2921 3905; x_wconf 77' lang='lat' dir='ltr'><strong>Keras,</strong></span> 
     </span>
     <span class='ocr_line' id='line_1_35' title="bbox 592 3938 2922 4011; baseline -0.002 -15"><span class='ocrx_word' id='word_1_287' title='bbox 592 3941 734 3996; x_wconf 91' lang='lat' dir='ltr'><strong>noch</strong></span> <span class='ocrx_word' id='word_1_288' title='bbox 770 3943 889 3996; x_wconf 89' lang='lat' dir='ltr'><strong>eine</strong></span> <span class='ocrx_word' id='word_1_289' title='bbox 914 3941 1126 4010; x_wconf 82' lang='lat' dir='ltr'><strong>andere,</strong></span> <span class='ocrx_word' id='word_1_290' title='bbox 1154 3942 1302 4011; x_wconf 85' lang='lat' dir='ltr'><strong>jetzt</strong></span> <span class='ocrx_word' id='word_1_291' title='bbox 1334 3940 1487 3995; x_wconf 86' lang='lat' dir='ltr'><strong>nicht</strong></span> <span class='ocrx_word' id='word_1_292' title='bbox 1509 3940 1664 3994; x_wconf 88' lang='lat' dir='ltr'><strong>mehr</strong></span> <span class='ocrx_word' id='word_1_293' title='bbox 1700 3956 1764 3993; x_wconf 86' lang='lat' dir='ltr'><strong>zu</strong></span> <span class='ocrx_word' id='word_1_294' title='bbox 1792 3938 2134 3994; x_wconf 85' lang='lat' dir='ltr'><strong>ermittelnde</strong></span> <span class='ocrx_word' id='word_1_295' title='bbox 2159 3939 2349 4005; x_wconf 84' lang='lat' dir='ltr'><strong>Quelle</strong></span> <span class='ocrx_word' id='word_1_296' title='bbox 2384 3938 2708 4010; x_wconf 81' lang='lat' dir='ltr'><strong>vorgelegen</strong></span> <span class='ocrx_word' id='word_1_297' title='bbox 2734 3939 2922 3994; x_wconf 85' lang='lat' dir='ltr'><strong>haben.</strong></span> 
     </span>
     <span class='ocr_line' id='line_1_36' title="bbox 591 4027 2918 4100; baseline -0.001 -16"><span class='ocrx_word' id='word_1_298' title='bbox 591 4029 680 4084; x_wconf 89' lang='lat' dir='ltr'><strong>Im</strong></span> <span class='ocrx_word' id='word_1_299' title='bbox 717 4029 887 4086; x_wconf 86' lang='lat' dir='ltr'><strong>St.-A.</strong></span> <span class='ocrx_word' id='word_1_300' title='bbox 923 4030 1183 4100; x_wconf 84' lang='lat' dir='ltr'><strong>Marburg</strong></span> <span class='ocrx_word' id='word_1_301' title='bbox 1236 4028 1475 4084; x_wconf 87' lang='lat' dir='ltr'><strong>befindet</strong></span> <span class='ocrx_word' id='word_1_302' title='bbox 1511 4028 1625 4083; x_wconf 90' lang='lat' dir='ltr'><strong>sich</strong></span> <span class='ocrx_word' id='word_1_303' title='bbox 1681 4029 1813 4083; x_wconf 80' lang='lat' dir='ltr'><strong>iiber</strong></span> <span class='ocrx_word' id='word_1_304' title='bbox 1847 4027 1936 4083; x_wconf 86' lang='lat' dir='ltr'><strong>die</strong></span> <span class='ocrx_word' id='word_1_305' title='bbox 1972 4028 2118 4082; x_wconf 83' lang='lat' dir='ltr'><strong>That</strong></span> <span class='ocrx_word' id='word_1_306' title='bbox 2153 4028 2262 4081; x_wconf 89' lang='lat' dir='ltr'><strong>und</strong></span> <span class='ocrx_word' id='word_1_307' title='bbox 2299 4027 2387 4081; x_wconf 88' lang='lat' dir='ltr'><strong>die</strong></span> <span class='ocrx_word' id='word_1_308' title='bbox 2423 4027 2677 4082; x_wconf 84' lang='lat' dir='ltr'><strong>Berichte</strong></span> <span class='ocrx_word' id='word_1_309' title='bbox 2727 4027 2822 4083; x_wconf 89' lang='lat' dir='ltr'><strong>des</strong></span> <span class='ocrx_word' id='word_1_310' title='bbox 2857 4028 2918 4082; x_wconf 91' lang='lat' dir='ltr'><strong>H.</strong></span> 
     </span>
     <span class='ocr_line' id='line_1_37' title="bbox 592 4115 2917 4189; baseline -0 -17"><span class='ocrx_word' id='word_1_311' title='bbox 592 4118 771 4189; x_wconf 87' lang='lat' dir='ltr'><strong>Nagel</strong></span> <span class='ocrx_word' id='word_1_312' title='bbox 809 4118 897 4173; x_wconf 90' lang='lat' dir='ltr'><strong>die</strong></span> <span class='ocrx_word' id='word_1_313' title='bbox 920 4117 1171 4173; x_wconf 85' lang='lat' dir='ltr'><strong>Relation</strong></span> <span class='ocrx_word' id='word_1_314' title='bbox 1209 4119 1357 4172; x_wconf 90' lang='lat' dir='ltr'><strong>eines</strong></span> <span class='ocrx_word' id='word_1_315' title='bbox 1398 4117 1782 4187; x_wconf 86' lang='lat' dir='ltr'><strong>„bayerischen</strong></span> <span class='ocrx_word' id='word_1_316' title='bbox 1818 4116 2132 4187; x_wconf 83' lang='lat' dir='ltr'><strong>gesandten,</strong></span> <span class='ocrx_word' id='word_1_317' title='bbox 2170 4115 2264 4170; x_wconf 89' lang='lat' dir='ltr'><strong>der</strong></span> <span class='ocrx_word' id='word_1_318' title='bbox 2299 4117 2427 4171; x_wconf 87' lang='lat' dir='ltr'><strong>umb</strong></span> <span class='ocrx_word' id='word_1_319' title='bbox 2466 4116 2722 4187; x_wconf 84' lang='lat' dir='ltr'><strong>erfarung</strong></span> <span class='ocrx_word' id='word_1_320' title='bbox 2744 4115 2917 4171; x_wconf 71' lang='lat' dir='ltr'><strong>willon</strong></span> 
     </span>
     <span class='ocr_line' id='line_1_38' title="bbox 592 4205 2924 4278; baseline -0.001 -16"><span class='ocrx_word' id='word_1_321' title='bbox 592 4208 677 4262; x_wconf 90' lang='lat' dir='ltr'><strong>ins</strong></span> <span class='ocrx_word' id='word_1_322' title='bbox 711 4207 864 4278; x_wconf 86' lang='lat' dir='ltr'><strong>leger</strong></span> <span class='ocrx_word' id='word_1_323' title='bbox 898 4207 1223 4278; x_wconf 78' lang='lat' dir='ltr'><strong>geschickt.“</strong></span> <span class='ocrx_word' id='word_1_324' title='bbox 1281 4206 1435 4261; x_wconf 84' lang='lat' dir='ltr'><strong>Auch</strong></span> <span class='ocrx_word' id='word_1_325' title='bbox 1461 4206 1606 4261; x_wconf 87' lang='lat' dir='ltr'><strong>diese</strong></span> <span class='ocrx_word' id='word_1_326' title='bbox 1644 4208 1719 4261; x_wconf 90' lang='lat' dir='ltr'><strong>ist</strong></span> <span class='ocrx_word' id='word_1_327' title='bbox 1753 4205 2055 4261; x_wconf 84' lang='lat' dir='ltr'><strong>bodeutend</strong></span> <span class='ocrx_word' id='word_1_328' title='bbox 2092 4205 2281 4260; x_wconf 81' lang='lat' dir='ltr'><strong>kiirzer</strong></span> <span class='ocrx_word' id='word_1_329' title='bbox 2317 4205 2399 4259; x_wconf 87' lang='lat' dir='ltr'><strong>als</strong></span> <span class='ocrx_word' id='word_1_330' title='bbox 2424 4205 2652 4260; x_wconf 78' lang='lat' dir='ltr'><strong>KersS.’s</strong></span> <span class='ocrx_word' id='word_1_331' title='bbox 2686 4205 2924 4272; x_wconf 65' lang='lat' dir='ltr'><strong>Bericht,</strong></span> 
     </span>
    </p>
   </div>
   <div class='ocr_carea' id='block_1_7' title="bbox 592 4295 1736 4366">
    <p class='ocr_par' dir='ltr' id='par_1_7' title="bbox 592 4295 1736 4366">
     <span class='ocr_line' id='line_1_39' title="bbox 592 4295 1736 4366; baseline 0.002 -16"><span class='ocrx_word' id='word_1_332' title='bbox 592 4296 862 4366; x_wconf 66' lang='lat' dir='ltr'><strong>bestatigt</strong></span> <span class='ocrx_word' id='word_1_333' title='bbox 896 4295 1186 4351; x_wconf 86' lang='lat' dir='ltr'><strong>denselben</strong></span> <span class='ocrx_word' id='word_1_334' title='bbox 1222 4297 1351 4351; x_wconf 87' lang='lat' dir='ltr'><strong>aber</strong></span> <span class='ocrx_word' id='word_1_335' title='bbox 1386 4297 1461 4351; x_wconf 89' lang='lat' dir='ltr'><strong>im</strong></span> <span class='ocrx_word' id='word_1_336' title='bbox 1498 4297 1736 4352; x_wconf 84' lang='lat' dir='ltr'><strong>Ganzen.</strong></span> 
     </span>
    </p>
   </div>
  </div>
 </body>
</html>
