3259 5075
1158 282 1344 348 Anno
1395 284 1566 349 1533
1611 284 1768 350 acta.
2508 284 2646 350 415

268 457 662 542 oppidorum
716 458 955 543 legatos
1002 458 1203 524 muris
1249 477 1316 523 se
1363 458 1614 524 credere
1659 460 1883 541 audet3
1952 461 2193 526 terrent
2254 459 2428 525 enim
2470 460 2644 544 ipsos

270 565 610 647 superiora
652 565 1046 650 captivitatis
1076 565 1433 649 Telgeticae
1480 567 1781 650 exempla,
1831 566 1888 632 si
1918 566 2079 632 forte
2124 565 2644 632 Monasteriensi-

274 675 403 738 bus
447 691 565 755 pro
595 671 862 737 arbitrio
910 690 1022 737 suo
1057 671 1272 736 omnia
1314 690 1442 737 non
1488 672 1911 738 succederent.
1971 672 2126 738 Post
2170 673 2427 756 longam
2471 671 2644 737 ultro

275 779 569 861 citroque
612 777 1140 842 consultationem
1184 779 1609 855 comessatum
1654 777 1775 842 sub
1821 776 1926 843 dio
1972 777 2340 860 considunt,
2387 778 2645 843 etcum

276 883 550 967 liquoris
596 882 845 948 advecti
889 882 987 947 vis
1032 882 1291 966 ingenia
1349 879 1746 967 quorundam
1792 883 2033 948 civium
2076 883 2411 949 excitasset
2453 884 2645 966 atque

275 987 585 1071 acuisset,
656 991 791 1054 tam
836 991 1019 1054 acute
1064 990 1363 1072 coeptum
1407 990 1505 1054 est
1549 988 1628 1054 de
1670 988 1796 1054 fide
1840 988 2185 1072 disputari,
2249 992 2328 1055 ut
2369 988 2646 1055 lanionis

278 1094 618 1160 cuiusdam
684 1093 982 1160 minister
1045 1094 1397 1160 acrioribus
1457 1094 1850 1178 argumentis
1919 1096 2301 1162 transfossus
2345 1095 2417 1160 in
2461 1095 2646 1161 coetu

275 1199 573 1266 omnium
601 1199 1000 1283 expiraverit,
1041 1201 1108 1266 et
1149 1200 1365 1284 plures
1396 1199 1513 1265 alii
1555 1200 1835 1283 graviter
1879 1200 2148 1267 sauciati
2191 1200 2261 1265 in
2293 1201 2518 1267 urbem
2546 1220 2647 1266 re-

276 1305 452 1371 vecti
517 1306 685 1371 sunt.
778 1305 1078 1390 Singulae
1122 1324 1369 1391 quoque
1414 1304 1694 1371 urbanae
1759 1305 1969 1372 tribus
2016 1306 2234 1372 codem
2279 1306 2384 1371 die
2426 1306 2644 1372 convi-

277 1410 575 1488 *vantun
624 1427 697 1475 ac
733 1410 1108 1494 Ludolphus
1139 1410 1362 1493 Poeck,
1411 1410 1829 1476 alutariorum
1872 1411 2153 1494 tribulis,
2202 1411 2639 1495 Stoeldreiero,

274 1536 435 1584 suae
481 1517 691 1582 tribus
757 1516 1087 1600 praefecto,
1160 1516 1457 1600 pollicem
1503 1516 1790 1582 dexterae
1835 1536 2060 1583 manus
2120 1517 2286 1583 ferro
2332 1517 2649 1601 praecidit

272 1626 348 1690 et
393 1622 731 1690 cuiusdam
796 1621 1143 1705 helciopaei
1187 1623 1258 1687 in
1304 1621 1519 1706 platea
1584 1622 1818 1689 salaria
1859 1623 2307 1689 commorantis
2366 1624 2646 1708 palmam

274 1729 625 1795 transfixit.
718 1729 853 1794 Hoc
898 1748 1046 1794 vero
1090 1728 1333 1794 crimen
1381 1728 1653 1812 pecunia
1695 1729 1762 1795 et
1805 1728 2050 1814 aliquot
2094 1729 2430 1795 cerevisiae
2475 1730 2646 1796 vasis

272 1835 614 1919 expiatum
657 1837 771 1901 est.

504 1940 660 2006 Inde
707 1959 854 2006 cum
920 1940 1198 2025 principi
1255 1940 1732 2024 multiplicibus
1779 1940 1949 2006 curis
1994 1943 2060 2006 et
2103 1940 2648 2006 sollicitudinibus

278 2067 402 2133 pro
449 2046 725 2113 subditis
771 2048 905 2113 suis
949 2048 1245 2113 immerso
1289 2047 1629 2113 referretur
1672 2045 2164 2113 Ooesfeldienses
2211 2064 2457 2131 quoque
2485 2065 2650 2112 nova

2667 1429 2766 1502 *μ
2802 1428 2930 1486 374.

278 2154 532 2236 moliri,
596 2154 655 2221 8.
703 2153 878 2218 Iunii
920 2153 1077 2237 ipsis
1123 2152 1192 2218 in
1237 2154 1391 2220 haec
1435 2155 1625 2219 verba
1682 2152 1910 2219 scribit
1927 2155 1979 2218 ¹:
2049 2153 2128 2219 Se
2173 2152 2431 2237 publica
2474 2152 2644 2218 fama
2666 2168 2894 2225 e.(Ju11).

278 2259 653 2345 cognovisse
696 2260 869 2344 ipsos
900 2260 1169 2343 explosis
1200 2259 1456 2325 usitatis
1509 2259 1849 2326 inusitatas
1882 2258 2263 2325 ceremonias
2296 2257 2646 2342 suscepisse

279 2369 355 2433 et
398 2366 865 2432 concionatores
912 2365 1218 2450 quosdam
1265 2366 1401 2430 sine
1444 2365 1724 2449 legitimi
1790 2364 2240 2450 magistratus·
2270 2364 2649 2430 auctoritate

280 2473 367 2538 ad
416 2491 483 2538 se
527 2490 796 2554 vocasse,
845 2471 1013 2537 unde
1055 2471 1223 2538 nihil
1268 2471 1472 2555 aliud,
1525 2490 1715 2558 quam
1762 2471 2138 2537 seditiosum
2195 2470 2497 2554 schisma,
2544 2469 2648 2534 in-

282 2578 672 2661 obedientia,
743 2577 1083 2643 dissidium
1130 2579 1195 2643 et
1241 2578 1623 2644 christianae
1670 2578 2037 2644 concordiae
2099 2576 2382 2642 turbatio
2429 2595 2649 2661 expec-

280 2684 485 2752 tanda
531 2685 618 2750 sit
660 2704 784 2749 non
833 2685 1042 2749 solum
1109 2684 1408 2749 adversus
1455 2702 1775 2750 caesareae
1843 2682 2195 2749 maiestatis
2256 2683 2538 2749 edictum
2583 2682 2650 2747 et

281 2791 546 2876 imperii
602 2790 933 2874 placitum,
983 2808 1202 2855 verum
1248 2790 1441 2855 etiam
1488 2792 1710 2855 contra
1751 2788 2076 2873 propriam
2121 2808 2303 2855 suam
2348 2788 2540 2853 fidem
2584 2788 2650 2852 et

280 2896 755 2963 iusiurandum.
822 2896 1383 2962 concionatoribus
1429 2896 1634 2980 igitur
1676 2896 1820 2961 istis
1867 2895 2106 2960 abactis
2154 2894 2445 2978 antiquas
2478 2912 2650 2958 cere-

280 3004 532 3069 monias
581 3004 646 3066 et
690 3002 1032 3068 catholicos
1078 3002 1465 3084 templorum
1510 3002 1674 3067 ritus
1721 3001 1789 3066 in
1822 3020 1947 3067 usu
1992 3003 2328 3067 reservent.
2396 2999 2464 3065 Si
2499 3018 2648 3065 vero

281 3111 528 3175 abusus
572 3106 966 3191 irrepserint,
1017 3127 1082 3173 se
1131 3127 1234 3173 eos
1279 3107 1374 3173 ita
1419 3109 1976 3189 commutaturum,
2027 3126 2107 3172 ne
2152 3105 2499 3172 catholicae
2545 3124 2647 3170 ec-

280 3213 519 3280 clesiae
563 3213 759 3279 nitori
805 3217 869 3280 et
914 3213 1216 3297 dignitati
1263 3213 1603 3298 quicquam
1647 3213 1926 3279 decedat.

283 3462 543 3517 Mfmster
576 3479 686 3516 war
723 3478 780 3517 cs
817 3462 905 3517 die
941 3462 1309 3533 Hauptsache,
1340 3461 1470 3532 jede
1509 3460 2009 3533 Geldbewilligung
2044 3479 2116 3517 an
2152 3462 2256 3516 den
2293 3459 2523 3516 Bischof
2553 3461 2650 3515 ab·

282 3551 502 3621 hangig
555 3567 620 3604 zu
657 3551 884 3606 macheu
938 3569 1042 3606 von
1080 3552 1273 3607 dessen
1306 3550 1363 3605 N
1364 3550 1772 3621 achgiebigkeit
1824 3552 1914 3605 bei
1951 3550 2055 3606 den
2091 3550 2359 3621 Irrungen
2415 3550 2519 3604 mit
2553 3548 2652 3604 der

280 3638 470 3695 Stadt.
498 3667 566 3677 —-
604 3639 708 3694 Die
731 3640 911 3695 Akten
946 3642 1082 3695 iiber
1116 3640 1303 3695 diesen
1326 3639 1580 3710 Landtag
1614 3639 1826 3695 werden
1869 3643 2097 3709 erganzt
2131 3638 2303 3694 durch
2339 3638 2651 3708 diejenigen

278 3728 386 3783 der
423 3725 884 3798 Verbandlungen
933 3727 1197 3783 zwischen
1234 3727 1621 3783 bischoflichen
1659 3728 1839 3782 Raten
1875 3727 1988 3782 und
2021 3726 2433 3782 Miinsterschen
2470 3726 2651 3797 Abge-

280 3815 526 3871 sandten
562 3831 651 3869 am
689 3818 739 3869 1.
776 3814 993 3886 August
1029 3832 1096 3870 zu
1130 3815 1464 3886 Altenberge
1513 3813 1875 3886 (abgedruckt
1911 3816 1999 3870 bei
2037 3814 2097 3870 C.
2133 3814 2200 3870 A.
2236 3813 2647 3870 Cornelius:

282 3903 365 3958 M.
387 3902 456 3957 A.
490 3901 573 3959 11.
609 3903 665 3959 S.
698 3902 803 3957 351
828 3903 926 3972 nt),
964 3903 1053 3958 die
1090 3902 1351 3959 teilweise
1385 3904 1477 3958 die
1512 3903 1805 3975 Vorgange
1841 3903 1942 3957 auf
1973 3903 2097 3957 dem
2133 3903 2407 3958 Laerbrok
2441 3902 2650 3974 recapi-

284 3990 512 4046 tulircn.
548 3990 694 4045 Aber
729 3989 869 4045 auch
906 4008 975 4045 zu
997 3991 1329 4062 Altenberge
1364 3991 1491 4047 kam
1528 4008 1586 4047 es
1625 4008 1692 4046 zu
1728 3991 1943 4047 keinem
1966 3990 2275 4047 Abschluss.
2334 3991 2440 4046 Zur
2475 3990 2653 4047 Sache

283 4079 399 4150 vgl.
439 4077 499 4134 C.
537 4078 601 4134 A.
640 4078 1022 4135 Cornelius
1060 4096 1108 4136 a.
1135 4098 1183 4135 a.
1213 4080 1277 4135 Ο.
1316 4079 1372 4136 S.
1412 4080 1591 4135 187ff.

508 4167 554 4236 ¹)
588 4168 867 4223 Vielmelu·
904 4185 992 4223 am
1027 4170 1080 4224 8.
1105 4169 1143 4223 J
1144 4168 1223 4223 uli
1260 4185 1358 4223 aus
1383 4168 1686 4224 Horstmar.
1743 4168 1996 4239 Konzept
2029 4170 2106 4223 im
2143 4167 2315 4223 St.-A.
2343 4167 2419 4222 M.
2472 4167 2655 4222 Ucbcr

277 4256 572 4312 Cocsfelds
606 4256 882 4328 bisherige
916 4256 1168 4328 Haltung
1203 4275 1246 4312 s.
1283 4257 1386 4312 Bd.
1418 4259 1445 4311 1
1485 4256 1541 4312 S.
1566 4256 1753 4312 29211‘.
1825 4256 1952 4327 Vgl.
1990 4257 2131 4312 auch
2165 4257 2230 4313 B.
2269 4256 2650 4311 Sokeland:

278 4344 485 4401 Gesch.
521 4343 619 4399 der
655 4344 819 4400 Stadt
854 4343 1104 4401 Coesfeld
1144 4344 1416 4413 (Cocsfeld
1458 4345 1620 4414 1839)
1663 4344 1719 4400 S.
1756 4344 1903 4401 soff.
