<?xml version="1.0" encoding="UTF-8"?>
<!DOCTYPE html PUBLIC "-//W3C//DTD XHTML 1.0 Transitional//EN"
    "http://www.w3.org/TR/xhtml1/DTD/xhtml1-transitional.dtd">
<html xmlns="http://www.w3.org/1999/xhtml" xml:lang="en" lang="en">
 <head>
  <title>
</title>
<meta http-equiv="Content-Type" content="text/html;charset=utf-8" />
  <meta name='ocr-system' content='tesseract 3.04.00' />
  <meta name='ocr-capabilities' content='ocr_page ocr_carea ocr_par ocr_line ocrx_word'/>
</head>
<body>
  <div class='ocr_page' id='page_1' title='image "./hermanniakersse00westgoog_0564.png"; bbox 0 0 3259 5075; ppageno 0'>
   <div class='ocr_carea' id='block_1_1' title="bbox 340 2906 614 2981">
    <p class='ocr_par' dir='ltr' id='par_1_1' title="bbox 340 2906 614 2981">
     <span class='ocr_line' id='line_1_1' title="bbox 340 2906 614 2981; baseline -0.004 -15"><span class='ocrx_word' id='word_1_1' title='bbox 340 2906 456 2981; x_wconf 73' lang='lat' dir='ltr'><strong>&#39;‘p.</strong></span> <span class='ocrx_word' id='word_1_2' title='bbox 493 2910 614 2965; x_wconf 85' lang='grc'><strong>667.</strong></span> 
     </span>
    </p>
   </div>
   <div class='ocr_carea' id='block_1_2' title="bbox 646 274 2129 339">
    <p class='ocr_par' dir='ltr' id='par_1_2' title="bbox 646 274 2129 339">
     <span class='ocr_line' id='line_1_2' title="bbox 646 274 2129 339; baseline 0 -1"><span class='ocrx_word' id='word_1_3' title='bbox 646 275 789 338; x_wconf 80' lang='lat'><strong>940</strong></span> <span class='ocrx_word' id='word_1_4' title='bbox 1518 274 1702 338; x_wconf 88' lang='lat' dir='ltr'><strong>Anno</strong></span> <span class='ocrx_word' id='word_1_5' title='bbox 1757 274 1925 339; x_wconf 80' lang='lat'>1553</span> <span class='ocrx_word' id='word_1_6' title='bbox 1971 274 2129 338; x_wconf 78' lang='lat' dir='ltr'><strong>acta.</strong></span> 
     </span>
    </p>
   </div>
   <div class='ocr_carea' id='block_1_3' title="bbox 636 449 3037 2554">
    <p class='ocr_par' dir='ltr' id='par_1_3' title="bbox 636 449 3037 2554">
     <span class='ocr_line' id='line_1_3' title="bbox 644 449 3037 534; baseline 0 -20"><span class='ocrx_word' id='word_1_7' title='bbox 644 469 800 514; x_wconf 85' lang='lat' dir='ltr'><strong>cum</strong></span> <span class='ocrx_word' id='word_1_8' title='bbox 872 451 1161 533; x_wconf 79' lang='lat' dir='ltr'><strong>patribus</strong></span> <span class='ocrx_word' id='word_1_9' title='bbox 1227 451 1610 534; x_wconf 81' lang='lat' dir='ltr'><strong>impetrant3</strong></span> <span class='ocrx_word' id='word_1_10' title='bbox 1682 452 1747 515; x_wconf 90' lang='lat' dir='ltr'><strong>et</strong></span> <span class='ocrx_word' id='word_1_11' title='bbox 1790 469 1938 515; x_wconf 89' lang='lat' dir='ltr'><strong>cum</strong></span> <span class='ocrx_word' id='word_1_12' title='bbox 1994 450 2072 515; x_wconf 91' lang='lat' dir='ltr'><strong>de</strong></span> <span class='ocrx_word' id='word_1_13' title='bbox 2132 449 2532 516; x_wconf 71' lang='lat' dir='ltr'><strong>restitutione</strong></span> <span class='ocrx_word' id='word_1_14' title='bbox 2600 449 3037 534; x_wconf 86' lang='lat' dir='ltr'><strong>antiquorum</strong></span> 
     </span>
     <span class='ocr_line' id='line_1_4' title="bbox 651 547 3030 640; baseline 0.001 -21"><span class='ocrx_word' id='word_1_15' title='bbox 651 555 1136 639; x_wconf 85' lang='lat' dir='ltr'><strong>privilegiorum</strong></span> <span class='ocrx_word' id='word_1_16' title='bbox 1180 556 1381 640; x_wconf 89' lang='lat' dir='ltr'><strong>deque</strong></span> <span class='ocrx_word' id='word_1_17' title='bbox 1427 547 1629 621; x_wconf 84' lang='lat' dir='ltr'><strong>solida</strong></span> <span class='ocrx_word' id='word_1_18' title='bbox 1659 563 1722 621; x_wconf 85' lang='lat' dir='ltr'><strong>et</strong></span> <span class='ocrx_word' id='word_1_19' title='bbox 1767 557 2080 622; x_wconf 87' lang='lat' dir='ltr'><strong>maiorum</strong></span> <span class='ocrx_word' id='word_1_20' title='bbox 2125 576 2296 621; x_wconf 91' lang='lat' dir='ltr'><strong>more</strong></span> <span class='ocrx_word' id='word_1_21' title='bbox 2341 557 2601 639; x_wconf 88' lang='lat' dir='ltr'><strong>politiae</strong></span> <span class='ocrx_word' id='word_1_22' title='bbox 2644 556 2868 621; x_wconf 88' lang='lat' dir='ltr'><strong>forma</strong></span> <span class='ocrx_word' id='word_1_23' title='bbox 2915 558 3030 621; x_wconf 85' lang='lat' dir='ltr'><strong>ha—</strong></span> 
     </span>
     <span class='ocr_line' id='line_1_5' title="bbox 652 661 3030 746; baseline 0.001 -22"><span class='ocrx_word' id='word_1_24' title='bbox 652 661 793 725; x_wconf 82' lang='lat' dir='ltr'><strong>bita</strong></span> <span class='ocrx_word' id='word_1_25' title='bbox 837 665 1130 744; x_wconf 89' lang='lat' dir='ltr'><strong>coeptum</strong></span> <span class='ocrx_word' id='word_1_26' title='bbox 1176 664 1274 727; x_wconf 88' lang='lat' dir='ltr'><strong>est</strong></span> <span class='ocrx_word' id='word_1_27' title='bbox 1317 662 1448 746; x_wconf 83' lang='lat' dir='ltr'><strong>agi,</strong></span> <span class='ocrx_word' id='word_1_28' title='bbox 1507 663 1597 726; x_wconf 91' lang='lat' dir='ltr'><strong>ibi</strong></span> <span class='ocrx_word' id='word_1_29' title='bbox 1643 663 1785 728; x_wconf 89' lang='lat' dir='ltr'><strong>tum</strong></span> <span class='ocrx_word' id='word_1_30' title='bbox 1831 662 2118 727; x_wconf 84' lang='lat' dir='ltr'><strong>Wikius:</strong></span> <span class='ocrx_word' id='word_1_31' title='bbox 2189 665 2505 744; x_wconf 90' lang='lat' dir='ltr'><strong>senatum,</strong></span> <span class='ocrx_word' id='word_1_32' title='bbox 2554 662 2806 746; x_wconf 89' lang='lat' dir='ltr'><strong>inquit,</strong></span> <span class='ocrx_word' id='word_1_33' title='bbox 2861 662 3030 727; x_wconf 88' lang='lat' dir='ltr'><strong>ferre</strong></span> 
     </span>
     <span class='ocr_line' id='line_1_6' title="bbox 649 767 3027 853; baseline 0.001 -22"><span class='ocrx_word' id='word_1_34' title='bbox 649 786 862 849; x_wconf 89' lang='lat' dir='ltr'><strong>posse,</strong></span> <span class='ocrx_word' id='word_1_35' title='bbox 912 771 988 833; x_wconf 90' lang='lat' dir='ltr'><strong>ut</strong></span> <span class='ocrx_word' id='word_1_36' title='bbox 1029 769 1322 852; x_wconf 88' lang='lat' dir='ltr'><strong>princeps</strong></span> <span class='ocrx_word' id='word_1_37' title='bbox 1369 770 1435 832; x_wconf 92' lang='lat' dir='ltr'><strong>et</strong></span> <span class='ocrx_word' id='word_1_38' title='bbox 1476 768 1780 851; x_wconf 86' lang='lat' dir='ltr'><strong>praefecti</strong></span> <span class='ocrx_word' id='word_1_39' title='bbox 1824 767 2030 851; x_wconf 89' lang='lat' dir='ltr'><strong>plebei</strong></span> <span class='ocrx_word' id='word_1_40' title='bbox 2078 768 2319 834; x_wconf 85' lang='lat' dir='ltr'><strong>ordinis</strong></span> <span class='ocrx_word' id='word_1_41' title='bbox 2366 769 2697 853; x_wconf 88' lang='lat' dir='ltr'><strong>politicam</strong></span> <span class='ocrx_word' id='word_1_42' title='bbox 2742 768 3027 834; x_wconf 80' lang='lat' dir='ltr'><strong>formam</strong></span> 
     </span>
     <span class='ocr_line' id='line_1_7' title="bbox 652 874 3025 959; baseline 0.001 -22"><span class='ocrx_word' id='word_1_43' title='bbox 652 891 766 955; x_wconf 92' lang='lat' dir='ltr'><strong>pro</strong></span> <span class='ocrx_word' id='word_1_44' title='bbox 800 892 911 939; x_wconf 92' lang='lat' dir='ltr'><strong>suo</strong></span> <span class='ocrx_word' id='word_1_45' title='bbox 944 875 1209 940; x_wconf 88' lang='lat' dir='ltr'><strong>arbitrio</strong></span> <span class='ocrx_word' id='word_1_46' title='bbox 1255 875 1522 956; x_wconf 83' lang='lat' dir='ltr'><strong>faciant3</strong></span> <span class='ocrx_word' id='word_1_47' title='bbox 1571 878 1859 941; x_wconf 86' lang='lat' dir='ltr'><strong>senatum</strong></span> <span class='ocrx_word' id='word_1_48' title='bbox 1900 894 2098 959; x_wconf 89' lang='lat' dir='ltr'><strong>neque</strong></span> <span class='ocrx_word' id='word_1_49' title='bbox 2129 875 2395 940; x_wconf 84' lang='lat' dir='ltr'><strong>consilio</strong></span> <span class='ocrx_word' id='word_1_50' title='bbox 2428 893 2538 941; x_wconf 87' lang='lat' dir='ltr'><strong>suo</strong></span> <span class='ocrx_word' id='word_1_51' title='bbox 2569 894 2779 959; x_wconf 89' lang='lat' dir='ltr'><strong>neque</strong></span> <span class='ocrx_word' id='word_1_52' title='bbox 2831 874 3025 940; x_wconf 74' lang='lat' dir='ltr'><strong>facfis</strong></span> 
     </span>
     <span class='ocr_line' id='line_1_8' title="bbox 646 978 3022 1063; baseline 0.001 -21"><span class='ocrx_word' id='word_1_53' title='bbox 646 978 785 1043; x_wconf 72' lang='lat' dir='ltr'><strong>=ullo</strong></span> <span class='ocrx_word' id='word_1_54' title='bbox 830 979 1015 1044; x_wconf 90' lang='lat' dir='ltr'><strong>modo</strong></span> <span class='ocrx_word' id='word_1_55' title='bbox 1062 999 1127 1045; x_wconf 92' lang='lat' dir='ltr'><strong>se</strong></span> <span class='ocrx_word' id='word_1_56' title='bbox 1171 980 1624 1046; x_wconf 69' lang='lat' dir='ltr'><strong>immistumm„</strong></span> <span class='ocrx_word' id='word_1_57' title='bbox 1719 981 1875 1046; x_wconf 92' lang='lat' dir='ltr'><strong>Inde</strong></span> <span class='ocrx_word' id='word_1_58' title='bbox 1933 982 2300 1047; x_wconf 86' lang='lat' dir='ltr'><strong>horrificum</strong></span> <span class='ocrx_word' id='word_1_59' title='bbox 2367 983 2647 1047; x_wconf 83' lang='lat' dir='ltr'><strong>exoritur</strong></span> <span class='ocrx_word' id='word_1_60' title='bbox 2692 1000 3022 1063; x_wconf 89' lang='lat' dir='ltr'><strong>murmur,</strong></span> 
     </span>
     <span class='ocr_line' id='line_1_9' title="bbox 648 1087 3024 1173; baseline 0.001 -23"><span class='ocrx_word' id='word_1_61' title='bbox 648 1087 716 1150; x_wconf 89' lang='lat' dir='ltr'><strong>et</strong></span> <span class='ocrx_word' id='word_1_62' title='bbox 762 1105 985 1169; x_wconf 89' lang='lat' dir='ltr'><strong>parum</strong></span> <span class='ocrx_word' id='word_1_63' title='bbox 1031 1107 1068 1152; x_wconf 86' lang='lat' dir='ltr'><strong>a</strong></span> <span class='ocrx_word' id='word_1_64' title='bbox 1112 1090 1290 1154; x_wconf 84' lang='lat' dir='ltr'><strong>motu</strong></span> <span class='ocrx_word' id='word_1_65' title='bbox 1335 1088 1592 1171; x_wconf 90' lang='lat' dir='ltr'><strong>publico</strong></span> <span class='ocrx_word' id='word_1_66' title='bbox 1641 1091 1706 1154; x_wconf 92' lang='lat' dir='ltr'><strong>et</strong></span> <span class='ocrx_word' id='word_1_67' title='bbox 1752 1088 2079 1173; x_wconf 87' lang='lat' dir='ltr'><strong>sanguinis</strong></span> <span class='ocrx_word' id='word_1_68' title='bbox 2124 1089 2428 1154; x_wconf 86' lang='lat' dir='ltr'><strong>effusione</strong></span> <span class='ocrx_word' id='word_1_69' title='bbox 2472 1088 2814 1170; x_wconf 86' lang='lat' dir='ltr'><strong>abfuisset,</strong></span> <span class='ocrx_word' id='word_1_70' title='bbox 2895 1087 3024 1152; x_wconf 76' lang='lat' dir='ltr'><strong>nisi</strong></span> 
     </span>
     <span class='ocr_line' id='line_1_10' title="bbox 650 1192 3023 1279; baseline 0.001 -23"><span class='ocrx_word' id='word_1_71' title='bbox 650 1192 954 1275; x_wconf 87' lang='lat' dir='ltr'><strong>praefecti</strong></span> <span class='ocrx_word' id='word_1_72' title='bbox 999 1213 1065 1259; x_wconf 91' lang='lat' dir='ltr'><strong>se</strong></span> <span class='ocrx_word' id='word_1_73' title='bbox 1109 1196 1532 1261; x_wconf 78' lang='lat' dir='ltr'><strong>coercuissent</strong></span> <span class='ocrx_word' id='word_1_74' title='bbox 1561 1198 1598 1260; x_wconf 80' lang='lat'><strong>².</strong></span> <span class='ocrx_word' id='word_1_75' title='bbox 1678 1195 1904 1261; x_wconf 89' lang='lat' dir='ltr'><strong>Sedato</strong></span> <span class='ocrx_word' id='word_1_76' title='bbox 1950 1195 2162 1279; x_wconf 86' lang='lat' dir='ltr'><strong>itaque</strong></span> <span class='ocrx_word' id='word_1_77' title='bbox 2207 1214 2531 1260; x_wconf 86' lang='lat' dir='ltr'><strong>murmure</strong></span> <span class='ocrx_word' id='word_1_78' title='bbox 2599 1194 3023 1259; x_wconf 82' lang='lat' dir='ltr'><strong>Hermannus</strong></span> 
     </span>
     <span class='ocr_line' id='line_1_11' title="bbox 650 1298 3020 1385; baseline 0.001 -24"><span class='ocrx_word' id='word_1_79' title='bbox 650 1298 980 1365; x_wconf 88' lang='lat' dir='ltr'><strong>Herdenus</strong></span> <span class='ocrx_word' id='word_1_80' title='bbox 1025 1301 1279 1366; x_wconf 88' lang='lat' dir='ltr'><strong>consul:</strong></span> <span class='ocrx_word' id='word_1_81' title='bbox 1334 1301 1501 1384; x_wconf 85' lang='lat' dir='ltr'><strong>„Si,“</strong></span> <span class='ocrx_word' id='word_1_82' title='bbox 1552 1301 1782 1385; x_wconf 86' lang='lat' dir='ltr'><strong>inquit,</strong></span> <span class='ocrx_word' id='word_1_83' title='bbox 1836 1302 2102 1383; x_wconf 89' lang='lat' dir='ltr'><strong>„scirem</strong></span> <span class='ocrx_word' id='word_1_84' title='bbox 2132 1301 2386 1366; x_wconf 84' lang='lat' dir='ltr'><strong>dissidii</strong></span> <span class='ocrx_word' id='word_1_85' title='bbox 2430 1300 2624 1365; x_wconf 90' lang='lat' dir='ltr'><strong>huius</strong></span> <span class='ocrx_word' id='word_1_86' title='bbox 2655 1302 3020 1380; x_wconf 79' lang='lat' dir='ltr'><strong>auctorem,</strong></span> 
     </span>
     <span class='ocr_line' id='line_1_12' title="bbox 636 1407 3025 1490; baseline 0 -21"><span class='ocrx_word' id='word_1_87' title='bbox 636 1423 764 1488; x_wconf 78' lang='lat' dir='ltr'><strong>ego</strong></span> <span class='ocrx_word' id='word_1_88' title='bbox 809 1408 1111 1490; x_wconf 86' lang='lat' dir='ltr'><strong>tanquam</strong></span> <span class='ocrx_word' id='word_1_89' title='bbox 1156 1409 1556 1473; x_wconf 89' lang='lat' dir='ltr'><strong>Hermannus</strong></span> <span class='ocrx_word' id='word_1_90' title='bbox 1601 1408 1847 1473; x_wconf 90' lang='lat' dir='ltr'><strong>Heerde</strong></span> <span class='ocrx_word' id='word_1_91' title='bbox 1892 1408 2028 1472; x_wconf 90' lang='lat' dir='ltr'><strong>eius</strong></span> <span class='ocrx_word' id='word_1_92' title='bbox 2074 1426 2315 1472; x_wconf 90' lang='lat' dir='ltr'><strong>memor</strong></span> <span class='ocrx_word' id='word_1_93' title='bbox 2357 1410 2618 1472; x_wconf 72' lang='lat' dir='ltr'><strong>essem.“</strong></span> <span class='ocrx_word' id='word_1_94' title='bbox 2714 1407 3025 1471; x_wconf 75' lang='lat' dir='ltr'><strong>Pellebat</strong></span> 
     </span>
     <span class='ocr_line' id='line_1_13' title="bbox 650 1511 3019 1597; baseline 0 -22"><span class='ocrx_word' id='word_1_95' title='bbox 650 1511 819 1576; x_wconf 89' lang='lat' dir='ltr'><strong>enim</strong></span> <span class='ocrx_word' id='word_1_96' title='bbox 865 1514 930 1576; x_wconf 90' lang='lat' dir='ltr'><strong>et</strong></span> <span class='ocrx_word' id='word_1_97' title='bbox 988 1514 1365 1579; x_wconf 83' lang='lat' dir='ltr'><strong>auctoritate</strong></span> <span class='ocrx_word' id='word_1_98' title='bbox 1411 1516 1474 1579; x_wconf 90' lang='lat' dir='ltr'><strong>et</strong></span> <span class='ocrx_word' id='word_1_99' title='bbox 1535 1514 1818 1597; x_wconf 88' lang='lat' dir='ltr'><strong>potentia</strong></span> <span class='ocrx_word' id='word_1_100' title='bbox 1861 1514 1930 1579; x_wconf 91' lang='lat' dir='ltr'><strong>in</strong></span> <span class='ocrx_word' id='word_1_101' title='bbox 1976 1515 2149 1579; x_wconf 88' lang='lat' dir='ltr'><strong>urbe.</strong></span> <span class='ocrx_word' id='word_1_102' title='bbox 2243 1513 2344 1578; x_wconf 88' lang='lat' dir='ltr'><strong>Ad</strong></span> <span class='ocrx_word' id='word_1_103' title='bbox 2389 1532 2549 1597; x_wconf 87' lang='lat' dir='ltr'><strong>quae</strong></span> <span class='ocrx_word' id='word_1_104' title='bbox 2592 1513 3019 1596; x_wconf 83' lang='lat' dir='ltr'><strong>Weslingus:</strong></span> 
     </span>
     <span class='ocr_line' id='line_1_14' title="bbox 636 1619 3021 1702; baseline 0.001 -21"><span class='ocrx_word' id='word_1_105' title='bbox 636 1636 793 1682; x_wconf 58' lang='lat' dir='ltr'><strong>&gt;sene</strong></span> <span class='ocrx_word' id='word_1_106' title='bbox 839 1637 983 1683; x_wconf 91' lang='lat' dir='ltr'><strong>eum</strong></span> <span class='ocrx_word' id='word_1_107' title='bbox 1031 1639 1162 1684; x_wconf 90' lang='lat' dir='ltr'><strong>esse</strong></span> <span class='ocrx_word' id='word_1_108' title='bbox 1207 1620 1640 1686; x_wconf 80' lang='lat' dir='ltr'><strong>existimaret?</strong></span> <span class='ocrx_word' id='word_1_109' title='bbox 1704 1619 1938 1686; x_wconf 83' lang='lat' dir='ltr'><strong>Consu]</strong></span> <span class='ocrx_word' id='word_1_110' title='bbox 1987 1639 2052 1685; x_wconf 90' lang='lat' dir='ltr'><strong>se</strong></span> <span class='ocrx_word' id='word_1_111' title='bbox 2097 1619 2361 1685; x_wconf 90' lang='lat' dir='ltr'><strong>minime</strong></span> <span class='ocrx_word' id='word_1_112' title='bbox 2406 1638 2551 1684; x_wconf 89' lang='lat' dir='ltr'><strong>eum</strong></span> <span class='ocrx_word' id='word_1_113' title='bbox 2597 1638 2732 1684; x_wconf 83' lang='lat' dir='ltr'><strong>esse</strong></span> <span class='ocrx_word' id='word_1_114' title='bbox 2779 1621 3021 1702; x_wconf 84' lang='lat' dir='ltr'><strong>putare</strong></span> 
     </span>
     <span class='ocr_line' id='line_1_15' title="bbox 648 1724 3015 1810; baseline 0.001 -23"><span class='ocrx_word' id='word_1_115' title='bbox 648 1724 1000 1806; x_wconf 79' lang='lat' dir='ltr'><strong>respondet.</strong></span> <span class='ocrx_word' id='word_1_116' title='bbox 1094 1725 1179 1806; x_wconf 88' lang='lat' dir='ltr'><strong>Si,</strong></span> <span class='ocrx_word' id='word_1_117' title='bbox 1227 1726 1441 1809; x_wconf 90' lang='lat' dir='ltr'><strong>inquit</strong></span> <span class='ocrx_word' id='word_1_118' title='bbox 1484 1726 1869 1810; x_wconf 84' lang='lat' dir='ltr'><strong>Weslingus,</strong></span> <span class='ocrx_word' id='word_1_119' title='bbox 1934 1746 2000 1790; x_wconf 91' lang='lat' dir='ltr'><strong>se</strong></span> <span class='ocrx_word' id='word_1_120' title='bbox 2044 1727 2366 1791; x_wconf 73' lang='lat' dir='ltr'><strong>auctorem</strong></span> <span class='ocrx_word' id='word_1_121' title='bbox 2409 1745 2543 1790; x_wconf 89' lang='lat' dir='ltr'><strong>esse</strong></span> <span class='ocrx_word' id='word_1_122' title='bbox 2587 1724 3015 1807; x_wconf 84' lang='lat' dir='ltr'><strong>existimaret,</strong></span> 
     </span>
     <span class='ocr_line' id='line_1_16' title="bbox 646 1828 3013 1915; baseline 0.001 -22"><span class='ocrx_word' id='word_1_123' title='bbox 646 1828 713 1893; x_wconf 85' lang='lat' dir='ltr'><strong>vi</strong></span> <span class='ocrx_word' id='word_1_124' title='bbox 757 1832 946 1915; x_wconf 84' lang='lat' dir='ltr'><strong>atque</strong></span> <span class='ocrx_word' id='word_1_125' title='bbox 1007 1831 1244 1898; x_wconf 90' lang='lat' dir='ltr'><strong>iniuria</strong></span> <span class='ocrx_word' id='word_1_126' title='bbox 1288 1852 1353 1898; x_wconf 87' lang='lat' dir='ltr'><strong>se</strong></span> <span class='ocrx_word' id='word_1_127' title='bbox 1399 1833 1588 1898; x_wconf 87' lang='lat' dir='ltr'><strong>affici.</strong></span> <span class='ocrx_word' id='word_1_128' title='bbox 1683 1833 1823 1899; x_wconf 91' lang='lat' dir='ltr'><strong>Non</strong></span> <span class='ocrx_word' id='word_1_129' title='bbox 1869 1833 2041 1898; x_wconf 91' lang='lat' dir='ltr'><strong>enim</strong></span> <span class='ocrx_word' id='word_1_130' title='bbox 2085 1851 2151 1897; x_wconf 91' lang='lat' dir='ltr'><strong>se</strong></span> <span class='ocrx_word' id='word_1_131' title='bbox 2198 1834 2421 1914; x_wconf 85' lang='lat' dir='ltr'><strong>sponte</strong></span> <span class='ocrx_word' id='word_1_132' title='bbox 2485 1850 2600 1896; x_wconf 87' lang='lat' dir='ltr'><strong>sua</strong></span> <span class='ocrx_word' id='word_1_133' title='bbox 2643 1831 2748 1896; x_wconf 85' lang='lat' dir='ltr'><strong>his</strong></span> <span class='ocrx_word' id='word_1_134' title='bbox 2809 1832 3013 1896; x_wconf 85' lang='lat' dir='ltr'><strong>rebus</strong></span> 
     </span>
     <span class='ocr_line' id='line_1_17' title="bbox 644 1934 3012 2024; baseline 0 -24"><span class='ocrx_word' id='word_1_135' title='bbox 644 1934 1000 2020; x_wconf 85' lang='lat' dir='ltr'><strong>ingessisse,</strong></span> <span class='ocrx_word' id='word_1_136' title='bbox 1036 1939 1143 2003; x_wconf 87' lang='lat' dir='ltr'><strong>sed</strong></span> <span class='ocrx_word' id='word_1_137' title='bbox 1177 1942 1431 2004; x_wconf 89' lang='lat' dir='ltr'><strong>senatus</strong></span> <span class='ocrx_word' id='word_1_138' title='bbox 1462 1941 1689 2024; x_wconf 84' lang='lat' dir='ltr'><strong>rogatu</strong></span> <span class='ocrx_word' id='word_1_139' title='bbox 1717 1942 1782 2004; x_wconf 92' lang='lat' dir='ltr'><strong>et</strong></span> <span class='ocrx_word' id='word_1_140' title='bbox 1811 1939 2048 2004; x_wconf 84' lang='lat' dir='ltr'><strong>civium</strong></span> <span class='ocrx_word' id='word_1_141' title='bbox 2077 1939 2379 2021; x_wconf 83' lang='lat' dir='ltr'><strong>impulsu,</strong></span> <span class='ocrx_word' id='word_1_142' title='bbox 2428 1957 2625 2022; x_wconf 90' lang='lat' dir='ltr'><strong>neque</strong></span> <span class='ocrx_word' id='word_1_143' title='bbox 2656 1937 3012 2021; x_wconf 85' lang='lat' dir='ltr'><strong>quicquam</strong></span> 
     </span>
     <span class='ocr_line' id='line_1_18' title="bbox 645 2041 3008 2129; baseline 0.001 -23"><span class='ocrx_word' id='word_1_144' title='bbox 645 2041 839 2123; x_wconf 87' lang='lat' dir='ltr'><strong>aliud,</strong></span> <span class='ocrx_word' id='word_1_145' title='bbox 873 2062 1061 2127; x_wconf 89' lang='lat' dir='ltr'><strong>qnam</strong></span> <span class='ocrx_word' id='word_1_146' title='bbox 1094 2065 1328 2128; x_wconf 86' lang='lat' dir='ltr'><strong>pacem,</strong></span> <span class='ocrx_word' id='word_1_147' title='bbox 1362 2045 1896 2129; x_wconf 84' lang='lat' dir='ltr'><strong>tranquillitatem</strong></span> <span class='ocrx_word' id='word_1_148' title='bbox 1920 2045 1986 2108; x_wconf 89' lang='lat' dir='ltr'><strong>et</strong></span> <span class='ocrx_word' id='word_1_149' title='bbox 2010 2043 2409 2109; x_wconf 90' lang='lat' dir='ltr'><strong>commodum</strong></span> <span class='ocrx_word' id='word_1_150' title='bbox 2437 2042 2773 2126; x_wconf 91' lang='lat' dir='ltr'><strong>publicum</strong></span> <span class='ocrx_word' id='word_1_151' title='bbox 2803 2043 3008 2108; x_wconf 81' lang='lat' dir='ltr'><strong>huius</strong></span> 
     </span>
     <span class='ocr_line' id='line_1_19' title="bbox 646 2147 3007 2235; baseline 0.001 -24"><span class='ocrx_word' id='word_1_152' title='bbox 646 2147 924 2215; x_wconf 83' lang='lat' dir='ltr'><strong>civitatis</strong></span> <span class='ocrx_word' id='word_1_153' title='bbox 971 2169 1249 2234; x_wconf 86' lang='lat' dir='ltr'><strong>unquam</strong></span> <span class='ocrx_word' id='word_1_154' title='bbox 1292 2151 1695 2235; x_wconf 84' lang='lat' dir='ltr'><strong>quaesivisse.</strong></span> <span class='ocrx_word' id='word_1_155' title='bbox 1759 2151 1837 2216; x_wconf 90' lang='lat' dir='ltr'><strong>Se</strong></span> <span class='ocrx_word' id='word_1_156' title='bbox 1867 2150 2269 2215; x_wconf 84' lang='lat' dir='ltr'><strong>vehementer</strong></span> <span class='ocrx_word' id='word_1_157' title='bbox 2313 2149 2549 2231; x_wconf 89' lang='lat' dir='ltr'><strong>mirari,</strong></span> <span class='ocrx_word' id='word_1_158' title='bbox 2599 2168 2747 2213; x_wconf 92' lang='lat' dir='ltr'><strong>cum</strong></span> <span class='ocrx_word' id='word_1_159' title='bbox 2794 2168 3007 2234; x_wconf 88' lang='lat' dir='ltr'><strong>neque</strong></span> 
     </span>
     <span class='ocr_line' id='line_1_20' title="bbox 643 2252 3005 2343; baseline 0.002 -26"><span class='ocrx_word' id='word_1_160' title='bbox 643 2252 783 2336; x_wconf 89' lang='lat' dir='ltr'><strong>lupi</strong></span> <span class='ocrx_word' id='word_1_161' title='bbox 828 2273 1029 2337; x_wconf 89' lang='lat' dir='ltr'><strong>neque</strong></span> <span class='ocrx_word' id='word_1_162' title='bbox 1074 2257 1210 2322; x_wconf 88' lang='lat' dir='ltr'><strong>ursi</strong></span> <span class='ocrx_word' id='word_1_163' title='bbox 1254 2278 1455 2343; x_wconf 91' lang='lat' dir='ltr'><strong>neque</strong></span> <span class='ocrx_word' id='word_1_164' title='bbox 1501 2258 1845 2323; x_wconf 84' lang='lat' dir='ltr'><strong>indomitae</strong></span> <span class='ocrx_word' id='word_1_165' title='bbox 1889 2257 2057 2321; x_wconf 88' lang='lat' dir='ltr'><strong>ferae</strong></span> <span class='ocrx_word' id='word_1_166' title='bbox 2104 2256 2255 2337; x_wconf 90' lang='lat' dir='ltr'><strong>sint,</strong></span> <span class='ocrx_word' id='word_1_167' title='bbox 2321 2255 2432 2321; x_wconf 87' lang='lat' dir='ltr'><strong>sed</strong></span> <span class='ocrx_word' id='word_1_168' title='bbox 2474 2255 2666 2321; x_wconf 91' lang='lat' dir='ltr'><strong>unius</strong></span> <span class='ocrx_word' id='word_1_169' title='bbox 2710 2255 3005 2321; x_wconf 78' lang='lat' dir='ltr'><strong>civitatis</strong></span> 
     </span>
     <span class='ocr_line' id='line_1_21' title="bbox 642 2358 3004 2444; baseline 0.002 -22"><span class='ocrx_word' id='word_1_170' title='bbox 642 2358 903 2440; x_wconf 87' lang='lat' dir='ltr'><strong>incolae,</strong></span> <span class='ocrx_word' id='word_1_171' title='bbox 953 2362 1142 2426; x_wconf 89' lang='lat' dir='ltr'><strong>unius</strong></span> <span class='ocrx_word' id='word_1_172' title='bbox 1175 2363 1557 2444; x_wconf 86' lang='lat' dir='ltr'><strong>reipublicae</strong></span> <span class='ocrx_word' id='word_1_173' title='bbox 1589 2364 1888 2443; x_wconf 89' lang='lat' dir='ltr'><strong>membra,</strong></span> <span class='ocrx_word' id='word_1_174' title='bbox 1938 2380 2063 2427; x_wconf 93' lang='lat' dir='ltr'><strong>uno</strong></span> <span class='ocrx_word' id='word_1_175' title='bbox 2095 2381 2422 2426; x_wconf 89' lang='lat' dir='ltr'><strong>murorum</strong></span> <span class='ocrx_word' id='word_1_176' title='bbox 2452 2363 2517 2427; x_wconf 92' lang='lat' dir='ltr'><strong>et</strong></span> <span class='ocrx_word' id='word_1_177' title='bbox 2561 2361 3004 2427; x_wconf 85' lang='lat' dir='ltr'><strong>munitionum</strong></span> 
     </span>
     <span class='ocr_line' id='line_1_22' title="bbox 642 2465 2999 2554; baseline 0.002 -25"><span class='ocrx_word' id='word_1_178' title='bbox 642 2465 890 2529; x_wconf 86' lang='lat' dir='ltr'><strong>ambitu</strong></span> <span class='ocrx_word' id='word_1_179' title='bbox 950 2466 1351 2552; x_wconf 88' lang='lat' dir='ltr'><strong>circumdati,</strong></span> <span class='ocrx_word' id='word_1_180' title='bbox 1423 2469 1588 2554; x_wconf 91' lang='lat' dir='ltr'><strong>quod</strong></span> <span class='ocrx_word' id='word_1_181' title='bbox 1638 2469 1732 2534; x_wconf 89' lang='lat' dir='ltr'><strong>ita</strong></span> <span class='ocrx_word' id='word_1_182' title='bbox 1774 2468 1943 2533; x_wconf 90' lang='lat' dir='ltr'><strong>inter</strong></span> <span class='ocrx_word' id='word_1_183' title='bbox 1987 2487 2052 2533; x_wconf 87' lang='lat' dir='ltr'><strong>se</strong></span> <span class='ocrx_word' id='word_1_184' title='bbox 2098 2467 2406 2551; x_wconf 86' lang='lat' dir='ltr'><strong>saeviant,</strong></span> <span class='ocrx_word' id='word_1_185' title='bbox 2479 2468 2573 2533; x_wconf 88' lang='lat' dir='ltr'><strong>ita</strong></span> <span class='ocrx_word' id='word_1_186' title='bbox 2615 2468 2999 2552; x_wconf 88' lang='lat' dir='ltr'><strong>disceptent,</strong></span> 
     </span>
    </p>
   </div>
   <div class='ocr_carea' id='block_1_4' title="bbox 641 2569 3002 2765">
    <p class='ocr_par' dir='ltr' id='par_1_4' title="bbox 641 2569 3002 2765">
     <span class='ocr_line' id='line_1_23' title="bbox 641 2569 3002 2660; baseline 0.002 -25"><span class='ocrx_word' id='word_1_187' title='bbox 641 2569 736 2636; x_wconf 83' lang='lat' dir='ltr'><strong>ita</strong></span> <span class='ocrx_word' id='word_1_188' title='bbox 779 2572 1270 2657; x_wconf 78' lang='lat' dir='ltr'><strong>tumultuentur,</strong></span> <span class='ocrx_word' id='word_1_189' title='bbox 1321 2595 1466 2641; x_wconf 90' lang='lat' dir='ltr'><strong>cum</strong></span> <span class='ocrx_word' id='word_1_190' title='bbox 1511 2595 1712 2660; x_wconf 90' lang='lat' dir='ltr'><strong>neque</strong></span> <span class='ocrx_word' id='word_1_191' title='bbox 1757 2594 1919 2640; x_wconf 83' lang='lat' dir='ltr'><strong>nova</strong></span> <span class='ocrx_word' id='word_1_192' title='bbox 1963 2577 2075 2640; x_wconf 92' lang='lat' dir='ltr'><strong>aut</strong></span> <span class='ocrx_word' id='word_1_193' title='bbox 2132 2574 2466 2656; x_wconf 85' lang='lat' dir='ltr'><strong>inusitata,</strong></span> <span class='ocrx_word' id='word_1_194' title='bbox 2523 2592 2725 2658; x_wconf 89' lang='lat' dir='ltr'><strong>neque</strong></span> <span class='ocrx_word' id='word_1_195' title='bbox 2775 2575 3002 2658; x_wconf 79' lang='lat' dir='ltr'><strong>iniqua</strong></span> 
     </span>
     <span class='ocr_line' id='line_1_24' title="bbox 642 2678 3000 2765; baseline 0.002 -24"><span class='ocrx_word' id='word_1_196' title='bbox 642 2678 753 2742; x_wconf 86' lang='lat' dir='ltr'><strong>aut</strong></span> <span class='ocrx_word' id='word_1_197' title='bbox 796 2696 834 2742; x_wconf 86' lang='lat' dir='ltr'><strong>a</strong></span> <span class='ocrx_word' id='word_1_198' title='bbox 878 2680 1135 2763; x_wconf 86' lang='lat' dir='ltr'><strong>publica</strong></span> <span class='ocrx_word' id='word_1_199' title='bbox 1192 2701 1344 2765; x_wconf 88' lang='lat' dir='ltr'><strong>pace</strong></span> <span class='ocrx_word' id='word_1_200' title='bbox 1389 2681 1618 2764; x_wconf 89' lang='lat' dir='ltr'><strong>aliena,</strong></span> <span class='ocrx_word' id='word_1_201' title='bbox 1691 2699 1893 2763; x_wconf 89' lang='lat' dir='ltr'><strong>neque</strong></span> <span class='ocrx_word' id='word_1_202' title='bbox 1955 2679 2202 2744; x_wconf 85' lang='lat' dir='ltr'><strong>senatui</strong></span> <span class='ocrx_word' id='word_1_203' title='bbox 2247 2679 2454 2745; x_wconf 87' lang='lat' dir='ltr'><strong>ullum</strong></span> <span class='ocrx_word' id='word_1_204' title='bbox 2519 2679 3000 2745; x_wconf 89' lang='lat' dir='ltr'><strong>incommodum</strong></span> 
     </span>
    </p>
   </div>
   <div class='ocr_carea' id='block_1_5' title="bbox 634 2783 2998 3511">
    <p class='ocr_par' dir='ltr' id='par_1_5' title="bbox 634 2783 2998 3511">
     <span class='ocr_line' id='line_1_25' title="bbox 640 2783 2998 2870; baseline 0.001 -21"><span class='ocrx_word' id='word_1_205' title='bbox 640 2783 929 2869; x_wconf 85' lang='lat' dir='ltr'><strong>allatura,</strong></span> <span class='ocrx_word' id='word_1_206' title='bbox 981 2788 1090 2852; x_wconf 87' lang='lat' dir='ltr'><strong>sed</strong></span> <span class='ocrx_word' id='word_1_207' title='bbox 1121 2807 1158 2853; x_wconf 89' lang='lat' dir='ltr'><strong>a</strong></span> <span class='ocrx_word' id='word_1_208' title='bbox 1187 2789 1407 2855; x_wconf 86' lang='lat' dir='ltr'><strong>multis</strong></span> <span class='ocrx_word' id='word_1_209' title='bbox 1452 2788 1719 2854; x_wconf 87' lang='lat' dir='ltr'><strong>saeculis</strong></span> <span class='ocrx_word' id='word_1_210' title='bbox 1761 2787 2196 2870; x_wconf 86' lang='lat' dir='ltr'><strong>usitatissima,</strong></span> <span class='ocrx_word' id='word_1_211' title='bbox 2245 2787 2433 2869; x_wconf 87' lang='lat' dir='ltr'><strong>iusta,</strong></span> <span class='ocrx_word' id='word_1_212' title='bbox 2481 2785 2745 2869; x_wconf 86' lang='lat' dir='ltr'><strong>pacifica</strong></span> <span class='ocrx_word' id='word_1_213' title='bbox 2776 2788 2842 2851; x_wconf 91' lang='lat' dir='ltr'><strong>et</strong></span> <span class='ocrx_word' id='word_1_214' title='bbox 2871 2786 2998 2851; x_wconf 87' lang='lat' dir='ltr'><strong>toti</strong></span> 
     </span>
     <span class='ocr_line' id='line_1_26' title="bbox 641 2891 2994 2979; baseline 0 -23"><span class='ocrx_word' id='word_1_215' title='bbox 641 2891 885 2957; x_wconf 82' lang='lat' dir='ltr'><strong>civitati</strong></span> <span class='ocrx_word' id='word_1_216' title='bbox 932 2894 1266 2976; x_wconf 83' lang='lat' dir='ltr'><strong>profutura</strong></span> <span class='ocrx_word' id='word_1_217' title='bbox 1308 2898 1623 2978; x_wconf 86' lang='lat' dir='ltr'><strong>petantur.</strong></span> <span class='ocrx_word' id='word_1_218' title='bbox 1692 2893 1861 2961; x_wconf 77' lang='lat' dir='ltr'><strong>*Cur</strong></span> <span class='ocrx_word' id='word_1_219' title='bbox 1890 2895 2092 2979; x_wconf 82' lang='lat' dir='ltr'><strong>igitur</strong></span> <span class='ocrx_word' id='word_1_220' title='bbox 2119 2894 2289 2960; x_wconf 89' lang='lat' dir='ltr'><strong>inter</strong></span> <span class='ocrx_word' id='word_1_221' title='bbox 2320 2913 2386 2958; x_wconf 89' lang='lat' dir='ltr'><strong>se</strong></span> <span class='ocrx_word' id='word_1_222' title='bbox 2416 2912 2538 2958; x_wconf 92' lang='lat' dir='ltr'><strong>non</strong></span> <span class='ocrx_word' id='word_1_223' title='bbox 2570 2892 2994 2972; x_wconf 80' lang='lat' dir='ltr'><strong>consentiant,</strong></span> 
     </span>
     <span class='ocr_line' id='line_1_27' title="bbox 640 2999 2996 3083; baseline 0.001 -21"><span class='ocrx_word' id='word_1_224' title='bbox 640 3017 786 3062; x_wconf 91' lang='lat' dir='ltr'><strong>cum</strong></span> <span class='ocrx_word' id='word_1_225' title='bbox 831 3000 1123 3083; x_wconf 88' lang='lat' dir='ltr'><strong>princeps</strong></span> <span class='ocrx_word' id='word_1_226' title='bbox 1170 3003 1381 3067; x_wconf 90' lang='lat' dir='ltr'><strong>omnia</strong></span> <span class='ocrx_word' id='word_1_227' title='bbox 1424 3002 1765 3068; x_wconf 86' lang='lat' dir='ltr'><strong>clementer</strong></span> <span class='ocrx_word' id='word_1_228' title='bbox 1807 3001 1902 3068; x_wconf 90' lang='lat' dir='ltr'><strong>ita</strong></span> <span class='ocrx_word' id='word_1_229' title='bbox 1947 3000 2319 3081; x_wconf 76' lang='lat' dir='ltr'><strong>restituerit,</strong></span> <span class='ocrx_word' id='word_1_230' title='bbox 2368 3002 2444 3065; x_wconf 91' lang='lat' dir='ltr'><strong>ut</strong></span> <span class='ocrx_word' id='word_1_231' title='bbox 2485 2999 2679 3065; x_wconf 88' lang='lat' dir='ltr'><strong>etiam</strong></span> <span class='ocrx_word' id='word_1_232' title='bbox 2730 3001 2996 3064; x_wconf 82' lang='lat' dir='ltr'><strong>senatus</strong></span> 
     </span>
     <span class='ocr_line' id='line_1_28' title="bbox 638 3103 2996 3190; baseline 0 -23"><span class='ocrx_word' id='word_1_233' title='bbox 638 3103 997 3190; x_wconf 88' lang='lat' dir='ltr'><strong>civiumque</strong></span> <span class='ocrx_word' id='word_1_234' title='bbox 1043 3108 1307 3173; x_wconf 88' lang='lat' dir='ltr'><strong>arbitrio</strong></span> <span class='ocrx_word' id='word_1_235' title='bbox 1353 3107 1649 3173; x_wconf 88' lang='lat' dir='ltr'><strong>universa</strong></span> <span class='ocrx_word' id='word_1_236' title='bbox 1702 3107 1840 3173; x_wconf 89' lang='lat' dir='ltr'><strong>fieri</strong></span> <span class='ocrx_word' id='word_1_237' title='bbox 1887 3106 2290 3190; x_wconf 73' lang='lat' dir='ltr'><strong>permiserit?</strong></span> <span class='ocrx_word' id='word_1_238' title='bbox 2378 3105 2480 3170; x_wconf 90' lang='lat' dir='ltr'><strong>Ad</strong></span> <span class='ocrx_word' id='word_1_239' title='bbox 2525 3124 2683 3190; x_wconf 90' lang='lat' dir='ltr'><strong>quae</strong></span> <span class='ocrx_word' id='word_1_240' title='bbox 2727 3123 2996 3187; x_wconf 87' lang='lat' dir='ltr'><strong>respon-</strong></span> 
     </span>
     <span class='ocr_line' id='line_1_29' title="bbox 637 3210 2992 3297; baseline 0 -24"><span class='ocrx_word' id='word_1_241' title='bbox 637 3228 780 3274; x_wconf 89' lang='lat' dir='ltr'><strong>sum</strong></span> <span class='ocrx_word' id='word_1_242' title='bbox 810 3211 936 3277; x_wconf 89' lang='lat' dir='ltr'><strong>fuit</strong></span> <span class='ocrx_word' id='word_1_243' title='bbox 981 3212 1106 3278; x_wconf 90' lang='lat' dir='ltr'><strong>sibi</strong></span> <span class='ocrx_word' id='word_1_244' title='bbox 1150 3214 1395 3297; x_wconf 85' lang='lat' dir='ltr'><strong>placere</strong></span> <span class='ocrx_word' id='word_1_245' title='bbox 1424 3214 1653 3296; x_wconf 90' lang='lat' dir='ltr'><strong>omnia,</strong></span> <span class='ocrx_word' id='word_1_246' title='bbox 1688 3232 2094 3297; x_wconf 87' lang='lat' dir='ltr'><strong>quaecunque</strong></span> <span class='ocrx_word' id='word_1_247' title='bbox 2137 3211 2410 3295; x_wconf 86' lang='lat' dir='ltr'><strong>principi</strong></span> <span class='ocrx_word' id='word_1_248' title='bbox 2444 3211 2750 3294; x_wconf 85' lang='lat' dir='ltr'><strong>placeant,</strong></span> <span class='ocrx_word' id='word_1_249' title='bbox 2801 3210 2992 3275; x_wconf 82' lang='lat' dir='ltr'><strong>cuius</strong></span> 
     </span>
     <span class='ocr_line' id='line_1_30' title="bbox 634 3313 2992 3400; baseline 0 -21"><span class='ocrx_word' id='word_1_250' title='bbox 634 3313 871 3382; x_wconf 90' lang='lat' dir='ltr'><strong>iudicio</strong></span> <span class='ocrx_word' id='word_1_251' title='bbox 917 3321 983 3383; x_wconf 90' lang='lat' dir='ltr'><strong>et</strong></span> <span class='ocrx_word' id='word_1_252' title='bbox 1026 3339 1322 3386; x_wconf 88' lang='lat' dir='ltr'><strong>censurae</strong></span> <span class='ocrx_word' id='word_1_253' title='bbox 1369 3340 1433 3385; x_wconf 89' lang='lat' dir='ltr'><strong>se</strong></span> <span class='ocrx_word' id='word_1_254' title='bbox 1477 3323 1708 3385; x_wconf 88' lang='lat' dir='ltr'><strong>cuncta</strong></span> <span class='ocrx_word' id='word_1_255' title='bbox 1753 3320 2143 3384; x_wconf 88' lang='lat' dir='ltr'><strong>committere</strong></span> <span class='ocrx_word' id='word_1_256' title='bbox 2187 3317 2368 3400; x_wconf 85' lang='lat' dir='ltr'><strong>velle,</strong></span> <span class='ocrx_word' id='word_1_257' title='bbox 2430 3319 2505 3382; x_wconf 90' lang='lat' dir='ltr'><strong>ut</strong></span> <span class='ocrx_word' id='word_1_258' title='bbox 2547 3316 2756 3400; x_wconf 88' lang='lat' dir='ltr'><strong>plebei</strong></span> <span class='ocrx_word' id='word_1_259' title='bbox 2802 3335 2992 3399; x_wconf 88' lang='lat' dir='ltr'><strong>prae-</strong></span> 
     </span>
     <span class='ocr_line' id='line_1_31' title="bbox 634 3421 2891 3511; baseline 0.001 -25"><span class='ocrx_word' id='word_1_260' title='bbox 634 3421 787 3487; x_wconf 89' lang='lat' dir='ltr'><strong>fecti</strong></span> <span class='ocrx_word' id='word_1_261' title='bbox 830 3423 1000 3490; x_wconf 89' lang='lat' dir='ltr'><strong>idem</strong></span> <span class='ocrx_word' id='word_1_262' title='bbox 1044 3426 1299 3492; x_wconf 88' lang='lat' dir='ltr'><strong>faciant.</strong></span> <span class='ocrx_word' id='word_1_263' title='bbox 1377 3427 1462 3492; x_wconf 87' lang='lat' dir='ltr'><strong>Et</strong></span> <span class='ocrx_word' id='word_1_264' title='bbox 1504 3426 1598 3491; x_wconf 89' lang='lat' dir='ltr'><strong>ita</strong></span> <span class='ocrx_word' id='word_1_265' title='bbox 1641 3427 1939 3511; x_wconf 89' lang='lat' dir='ltr'><strong>utrinque</strong></span> <span class='ocrx_word' id='word_1_266' title='bbox 1986 3425 2335 3492; x_wconf 81' lang='lat' dir='ltr'><strong>exacerbati</strong></span> <span class='ocrx_word' id='word_1_267' title='bbox 2381 3423 2830 3507; x_wconf 86' lang='lat' dir='ltr'><strong>digrediuntur</strong></span> <span class='ocrx_word' id='word_1_268' title='bbox 2848 3422 2891 3488; x_wconf 79' lang='lat'><strong>².</strong></span> 
     </span>
    </p>
   </div>
   <div class='ocr_carea' id='block_1_6' title="bbox 634 3566 1062 3579">
    <p class='ocr_par' dir='ltr' id='par_1_6' title="bbox 634 3566 1062 3579">
     <span class='ocr_line' id='line_1_32' title="bbox 634 3566 1062 3579; baseline 0 1496"><span class='ocrx_word' id='word_1_269' title='bbox 634 3566 1062 3579; x_wconf 95' lang='lat' dir='ltr'><strong> </strong></span> 
     </span>
    </p>
   </div>
   <div class='ocr_carea' id='block_1_7' title="bbox 616 3633 2990 4414">
    <p class='ocr_par' dir='ltr' id='par_1_7' title="bbox 628 3633 2990 4238">
     <span class='ocr_line' id='line_1_33' title="bbox 854 3633 2990 3709; baseline -0.001 -18"><span class='ocrx_word' id='word_1_270' title='bbox 854 3638 895 3701; x_wconf 82' lang='lat'><strong>¹)</strong></span> <span class='ocrx_word' id='word_1_271' title='bbox 931 3637 1035 3692; x_wconf 84' lang='lat' dir='ltr'><strong>Die</strong></span> <span class='ocrx_word' id='word_1_272' title='bbox 1076 3637 1276 3704; x_wconf 77' lang='lat' dir='ltr'><strong>„Korte</strong></span> <span class='ocrx_word' id='word_1_273' title='bbox 1313 3638 1673 3709; x_wconf 78' lang='lat' dir='ltr'><strong>anteknnge“:</strong></span> <span class='ocrx_word' id='word_1_274' title='bbox 1717 3637 1819 3703; x_wconf 83' lang='lat' dir='ltr'><strong>„So</strong></span> <span class='ocrx_word' id='word_1_275' title='bbox 1842 3654 1967 3692; x_wconf 90' lang='lat' dir='ltr'><strong>men</strong></span> <span class='ocrx_word' id='word_1_276' title='bbox 1992 3653 2067 3692; x_wconf 90' lang='lat' dir='ltr'><strong>nu</strong></span> <span class='ocrx_word' id='word_1_277' title='bbox 2099 3636 2310 3705; x_wconf 83' lang='lat' dir='ltr'><strong>mendo,</strong></span> <span class='ocrx_word' id='word_1_278' title='bbox 2347 3635 2445 3691; x_wconf 75' lang='lat' dir='ltr'><strong>dat</strong></span> <span class='ocrx_word' id='word_1_279' title='bbox 2479 3634 2588 3689; x_wconf 82' lang='lat' dir='ltr'><strong>alle</strong></span> <span class='ocrx_word' id='word_1_280' title='bbox 2611 3633 2782 3704; x_wconf 73' lang='lat' dir='ltr'><strong>dingk</strong></span> <span class='ocrx_word' id='word_1_281' title='bbox 2816 3633 2990 3689; x_wconf 80' lang='lat' dir='ltr'><strong>elicht</strong></span> 
     </span>
     <span class='ocr_line' id='line_1_34' title="bbox 632 3721 2984 3795; baseline -0.001 -18"><span class='ocrx_word' id='word_1_282' title='bbox 632 3740 772 3778; x_wconf 75' lang='lat' dir='ltr'><strong>were</strong></span> <span class='ocrx_word' id='word_1_283' title='bbox 808 3729 1026 3794; x_wconf 79' lang='lat' dir='ltr'><strong>gewest,</strong></span> <span class='ocrx_word' id='word_1_284' title='bbox 1063 3742 1185 3780; x_wconf 89' lang='lat' dir='ltr'><strong>men</strong></span> <span class='ocrx_word' id='word_1_285' title='bbox 1224 3726 1373 3781; x_wconf 86' lang='lat' dir='ltr'><strong>solde</strong></span> <span class='ocrx_word' id='word_1_286' title='bbox 1397 3743 1472 3781; x_wconf 89' lang='lat' dir='ltr'><strong>nu</strong></span> <span class='ocrx_word' id='word_1_287' title='bbox 1509 3742 1575 3780; x_wconf 81' lang='lat' dir='ltr'><strong>zu</strong></span> <span class='ocrx_word' id='word_1_288' title='bbox 1600 3725 1724 3780; x_wconf 90' lang='lat' dir='ltr'><strong>dem</strong></span> <span class='ocrx_word' id='word_1_289' title='bbox 1758 3724 1982 3780; x_wconf 83' lang='lat' dir='ltr'><strong>handell</strong></span> <span class='ocrx_word' id='word_1_290' title='bbox 2018 3726 2225 3795; x_wconf 62' lang='grc' dir='ltr'><strong>μίμου,</strong></span> <span class='ocrx_word' id='word_1_291' title='bbox 2264 3723 2333 3778; x_wconf 93' lang='lat' dir='ltr'><strong>do</strong></span> <span class='ocrx_word' id='word_1_292' title='bbox 2369 3723 2558 3778; x_wconf 74' lang='lat' dir='ltr'><strong>sachte</strong></span> <span class='ocrx_word' id='word_1_293' title='bbox 2593 3722 2783 3777; x_wconf 83' lang='lat' dir='ltr'><strong>doctor</strong></span> <span class='ocrx_word' id='word_1_294' title='bbox 2808 3721 2984 3792; x_wconf 57' lang='lat' dir='ltr'><strong>wint,</strong></span> 
     </span>
     <span class='ocr_line' id='line_1_35' title="bbox 633 3810 2984 3883; baseline 0 -17"><span class='ocrx_word' id='word_1_295' title='bbox 633 3828 766 3882; x_wconf 82' lang='lat' dir='ltr'><strong>syne</strong></span> <span class='ocrx_word' id='word_1_296' title='bbox 802 3813 937 3867; x_wconf 90' lang='lat' dir='ltr'><strong>hern</strong></span> <span class='ocrx_word' id='word_1_297' title='bbox 974 3813 1068 3868; x_wconf 88' lang='lat' dir='ltr'><strong>des</strong></span> <span class='ocrx_word' id='word_1_298' title='bbox 1102 3813 1260 3869; x_wconf 73' lang='lat' dir='ltr'><strong>rades</strong></span> <span class='ocrx_word' id='word_1_299' title='bbox 1296 3815 1508 3869; x_wconf 84' lang='lat' dir='ltr'><strong>konden</strong></span> <span class='ocrx_word' id='word_1_300' title='bbox 1544 3814 1671 3868; x_wconf 80' lang='lat' dir='ltr'><strong>wall</strong></span> <span class='ocrx_word' id='word_1_301' title='bbox 1707 3814 1871 3883; x_wconf 88' lang='lat' dir='ltr'><strong>liden,</strong></span> <span class='ocrx_word' id='word_1_302' title='bbox 1910 3813 2031 3869; x_wconf 75' lang='lat' dir='ltr'><strong>dass</strong></span> <span class='ocrx_word' id='word_1_303' title='bbox 2067 3812 2156 3867; x_wconf 87' lang='lat' dir='ltr'><strong>die</strong></span> <span class='ocrx_word' id='word_1_304' title='bbox 2191 3813 2365 3867; x_wconf 74' lang='lat' dir='ltr'><strong>furate</strong></span> <span class='ocrx_word' id='word_1_305' title='bbox 2400 3810 2511 3866; x_wconf 91' lang='lat' dir='ltr'><strong>nnd</strong></span> <span class='ocrx_word' id='word_1_306' title='bbox 2548 3810 2638 3866; x_wconf 87' lang='lat' dir='ltr'><strong>die</strong></span> <span class='ocrx_word' id='word_1_307' title='bbox 2660 3810 2984 3866; x_wconf 78' lang='lat' dir='ltr'><strong>verordente</strong></span> 
     </span>
     <span class='ocr_line' id='line_1_36' title="bbox 629 3898 2983 3972; baseline 0 -18"><span class='ocrx_word' id='word_1_308' title='bbox 629 3900 845 3955; x_wconf 82' lang='lat' dir='ltr'><strong>konnen</strong></span> <span class='ocrx_word' id='word_1_309' title='bbox 883 3902 971 3956; x_wconf 85' lang='lat' dir='ltr'><strong>die</strong></span> <span class='ocrx_word' id='word_1_310' title='bbox 993 3903 1308 3957; x_wconf 86' lang='lat' dir='ltr'><strong>restitution</strong></span> <span class='ocrx_word' id='word_1_311' title='bbox 1344 3902 1470 3957; x_wconf 74' lang='lat' dir='ltr'><strong>wall</strong></span> <span class='ocrx_word' id='word_1_312' title='bbox 1503 3903 1715 3972; x_wconf 83' lang='lat' dir='ltr'><strong>maken,</strong></span> <span class='ocrx_word' id='word_1_313' title='bbox 1750 3904 1853 3957; x_wconf 74' lang='lat' dir='ltr'><strong>wie</strong></span> <span class='ocrx_word' id='word_1_314' title='bbox 1875 3904 1966 3957; x_wconf 91' lang='lat' dir='ltr'><strong>ine</strong></span> <span class='ocrx_word' id='word_1_315' title='bbox 2001 3900 2284 3972; x_wconf 78' lang='lat' dir='ltr'><strong>gefellich;</strong></span> <span class='ocrx_word' id='word_1_316' title='bbox 2322 3900 2441 3955; x_wconf 68' lang='lat' dir='ltr'><strong>dass</strong></span> <span class='ocrx_word' id='word_1_317' title='bbox 2467 3900 2575 3954; x_wconf 80' lang='lat' dir='ltr'><strong>dan</strong></span> <span class='ocrx_word' id='word_1_318' title='bbox 2611 3900 2690 3954; x_wconf 78' lang='lat' dir='ltr'><strong>sie</strong></span> <span class='ocrx_word' id='word_1_319' title='bbox 2714 3898 2834 3954; x_wconf 75' lang='lat' dir='ltr'><strong>sich</strong></span> <span class='ocrx_word' id='word_1_320' title='bbox 2857 3899 2983 3955; x_wconf 74' lang='lat' dir='ltr'><strong>du·-</strong></span> 
     </span>
     <span class='ocr_line' id='line_1_37' title="bbox 631 3986 2980 4058; baseline 0 -15"><span class='ocrx_word' id='word_1_321' title='bbox 631 3990 733 4044; x_wconf 82' lang='lat' dir='ltr'><strong>mit</strong></span> <span class='ocrx_word' id='word_1_322' title='bbox 768 3989 956 4045; x_wconf 87' lang='lat' dir='ltr'><strong>selden</strong></span> <span class='ocrx_word' id='word_1_323' title='bbox 1008 3990 1245 4058; x_wconf 83' lang='lat' dir='ltr'><strong>inlaten,</strong></span> <span class='ocrx_word' id='word_1_324' title='bbox 1298 4008 1438 4046; x_wconf 73' lang='lat' dir='ltr'><strong>were</strong></span> <span class='ocrx_word' id='word_1_325' title='bbox 1473 3993 1599 4045; x_wconf 89' lang='lat' dir='ltr'><strong>inen</strong></span> <span class='ocrx_word' id='word_1_326' title='bbox 1637 3990 1926 4045; x_wconf 83' lang='lat' dir='ltr'><strong>nieverleie</strong></span> <span class='ocrx_word' id='word_1_327' title='bbox 1959 3991 2089 4045; x_wconf 70' lang='lat' dir='ltr'><strong>vise</strong></span> <span class='ocrx_word' id='word_1_328' title='bbox 2126 4006 2194 4043; x_wconf 78' lang='lat' dir='ltr'><strong>zu</strong></span> <span class='ocrx_word' id='word_1_329' title='bbox 2228 3988 2396 4044; x_wconf 76' lang='lat' dir='ltr'><strong>reden</strong></span> <span class='ocrx_word' id='word_1_330' title='bbox 2449 3988 2615 4043; x_wconf 76' lang='lat' dir='ltr'><strong>oeffte</strong></span> <span class='ocrx_word' id='word_1_331' title='bbox 2649 3988 2746 4042; x_wconf 81' lang='lat' dir='ltr'><strong>tho</strong></span> <span class='ocrx_word' id='word_1_332' title='bbox 2782 3986 2980 4044; x_wconf 57' lang='lat' dir='ltr'><strong>denda</strong></span> 
     </span>
     <span class='ocr_line' id='line_1_38' title="bbox 629 4077 2980 4150; baseline -0.001 -18"><span class='ocrx_word' id='word_1_333' title='bbox 629 4077 746 4132; x_wconf 84' lang='lat' dir='ltr'><strong>Dar</strong></span> <span class='ocrx_word' id='word_1_334' title='bbox 781 4078 849 4133; x_wconf 91' lang='lat' dir='ltr'><strong>do</strong></span> <span class='ocrx_word' id='word_1_335' title='bbox 874 4095 948 4149; x_wconf 86' lang='lat' dir='ltr'><strong>up</strong></span> <span class='ocrx_word' id='word_1_336' title='bbox 972 4078 1089 4134; x_wconf 86' lang='lat' dir='ltr'><strong>sich</strong></span> <span class='ocrx_word' id='word_1_337' title='bbox 1126 4078 1303 4134; x_wconf 77' lang='lat' dir='ltr'><strong>erhoff</strong></span> <span class='ocrx_word' id='word_1_338' title='bbox 1333 4095 1437 4150; x_wconf 76' lang='lat' dir='ltr'><strong>eyn</strong></span> <span class='ocrx_word' id='word_1_339' title='bbox 1474 4079 1668 4150; x_wconf 79' lang='lat' dir='ltr'><strong>gmeth</strong></span> <span class='ocrx_word' id='word_1_340' title='bbox 1703 4083 1949 4134; x_wconf 88' lang='lat' dir='ltr'><strong>murrent</strong></span> <span class='ocrx_word' id='word_1_341' title='bbox 1980 4078 2093 4132; x_wconf 87' lang='lat' dir='ltr'><strong>und</strong></span> <span class='ocrx_word' id='word_1_342' title='bbox 2128 4078 2368 4147; x_wconf 81' lang='lat' dir='ltr'><strong>kun-ent,</strong></span> <span class='ocrx_word' id='word_1_343' title='bbox 2403 4094 2514 4132; x_wconf 70' lang='lat' dir='ltr'><strong>was</strong></span> <span class='ocrx_word' id='word_1_344' title='bbox 2538 4093 2704 4147; x_wconf 79' lang='lat' dir='ltr'><strong>eynes</strong></span> <span class='ocrx_word' id='word_1_345' title='bbox 2738 4077 2980 4131; x_wconf 72' lang='lat' dir='ltr'><strong>histem</strong></span> 
     </span>
     <span class='ocr_line' id='line_1_39' title="bbox 628 4165 2914 4238; baseline -0.001 -17"><span class='ocrx_word' id='word_1_346' title='bbox 628 4167 965 4222; x_wconf 78' lang='lat' dir='ltr'><strong>aneehendes</strong></span> <span class='ocrx_word' id='word_1_347' title='bbox 1002 4167 1110 4222; x_wconf 87' lang='lat' dir='ltr'><strong>und</strong></span> <span class='ocrx_word' id='word_1_348' title='bbox 1145 4167 1509 4237; x_wconf 79' lang='lat' dir='ltr'><strong>befruehteus,</strong></span> <span class='ocrx_word' id='word_1_349' title='bbox 1548 4168 1646 4223; x_wconf 83' lang='lat' dir='ltr'><strong>dat</strong></span> <span class='ocrx_word' id='word_1_350' title='bbox 1681 4172 1740 4223; x_wconf 86' lang='lat' dir='ltr'><strong>et</strong></span> <span class='ocrx_word' id='word_1_351' title='bbox 1773 4167 1925 4223; x_wconf 86' lang='lat' dir='ltr'><strong>solde</strong></span> <span class='ocrx_word' id='word_1_352' title='bbox 1959 4167 2171 4222; x_wconf 89' lang='lat' dir='ltr'><strong>hebben</strong></span> <span class='ocrx_word' id='word_1_353' title='bbox 2208 4166 2450 4238; x_wconf 77' lang='lat' dir='ltr'><strong>gedegen</strong></span> <span class='ocrx_word' id='word_1_354' title='bbox 2486 4169 2634 4221; x_wconf 87' lang='lat' dir='ltr'><strong>toem</strong></span> <span class='ocrx_word' id='word_1_355' title='bbox 2667 4165 2914 4235; x_wconf 57' lang='lat' dir='ltr'><strong>uproer}t</strong></span> 
     </span>
    </p>

    <p class='ocr_par' dir='ltr' id='par_1_8' title="bbox 616 4253 2982 4414">
     <span class='ocr_line' id='line_1_40' title="bbox 845 4253 2982 4328; baseline -0 -19"><span class='ocrx_word' id='word_1_356' title='bbox 845 4254 889 4323; x_wconf 82' lang='lat'><strong>&#39;)</strong></span> <span class='ocrx_word' id='word_1_357' title='bbox 924 4255 1029 4310; x_wconf 91' lang='lat' dir='ltr'><strong>Die</strong></span> <span class='ocrx_word' id='word_1_358' title='bbox 1070 4255 1271 4323; x_wconf 85' lang='lat' dir='ltr'><strong>„Korte</strong></span> <span class='ocrx_word' id='word_1_359' title='bbox 1307 4257 1668 4328; x_wconf 77' lang='lat' dir='ltr'><strong>anteknnge“:</strong></span> <span class='ocrx_word' id='word_1_360' title='bbox 1711 4256 1868 4324; x_wconf 84' lang='lat' dir='ltr'><strong>„Und</strong></span> <span class='ocrx_word' id='word_1_361' title='bbox 1904 4256 1973 4311; x_wconf 90' lang='lat' dir='ltr'><strong>do</strong></span> <span class='ocrx_word' id='word_1_362' title='bbox 2010 4271 2087 4310; x_wconf 81' lang='lat' dir='ltr'><strong>nn</strong></span> <span class='ocrx_word' id='word_1_363' title='bbox 2121 4253 2222 4310; x_wconf 78' lang='lat' dir='ltr'><strong>dat</strong></span> <span class='ocrx_word' id='word_1_364' title='bbox 2253 4271 2436 4310; x_wconf 88' lang='lat' dir='ltr'><strong>rumor</strong></span> <span class='ocrx_word' id='word_1_365' title='bbox 2489 4271 2594 4325; x_wconf 79' lang='lat' dir='ltr'><strong>eyn</strong></span> <span class='ocrx_word' id='word_1_366' title='bbox 2629 4254 2832 4324; x_wconf 73' lang='lat' dir='ltr'><strong>weinig</strong></span> <span class='ocrx_word' id='word_1_367' title='bbox 2881 4270 2982 4324; x_wconf 76' lang='lat' dir='ltr'><strong>ge-</strong></span> 
     </span>
     <span class='ocr_line' id='line_1_41' title="bbox 616 4341 2982 4414; baseline 0 -17"><span class='ocrx_word' id='word_1_368' title='bbox 616 4341 821 4413; x_wconf 67' lang='lat' dir='ltr'><strong>stillet,</strong></span> <span class='ocrx_word' id='word_1_369' title='bbox 858 4343 1046 4398; x_wconf 82' lang='lat' dir='ltr'><strong>sachte</strong></span> <span class='ocrx_word' id='word_1_370' title='bbox 1081 4344 1476 4414; x_wconf 79' lang='lat' dir='ltr'><strong>bnrgemeister</strong></span> <span class='ocrx_word' id='word_1_371' title='bbox 1510 4345 1750 4400; x_wconf 62' lang='lat' dir='ltr'><strong>Hermen</strong></span> <span class='ocrx_word' id='word_1_372' title='bbox 1773 4344 2014 4401; x_wconf 83' lang='lat' dir='ltr'><strong>Heerde:</strong></span> <span class='ocrx_word' id='word_1_373' title='bbox 2057 4343 2230 4412; x_wconf 83' lang='lat' dir='ltr'><strong>„Wan</strong></span> <span class='ocrx_word' id='word_1_374' title='bbox 2253 4343 2343 4398; x_wconf 83' lang='lat' dir='ltr'><strong>ich</strong></span> <span class='ocrx_word' id='word_1_375' title='bbox 2367 4345 2554 4412; x_wconf 64' lang='grc' dir='ltr'><strong>ΜΘ,</strong></span> <span class='ocrx_word' id='word_1_376' title='bbox 2590 4358 2672 4397; x_wconf 72' lang='lat' dir='ltr'><strong>we</strong></span> <span class='ocrx_word' id='word_1_377' title='bbox 2696 4341 2796 4397; x_wconf 75' lang='lat' dir='ltr'><strong>der</strong></span> <span class='ocrx_word' id='word_1_378' title='bbox 2815 4357 2982 4412; x_wconf 72' lang='lat' dir='ltr'><strong>veto,</strong></span> 
     </span>
    </p>
   </div>
  </div>
 </body>
</html>
