3259 5075
665 290 794 355 720
1521 291 1707 354 Anno
1761 248 1930 355 1534
1977 293 2134 354 acta

662 485 872 530 rerum
919 465 1079 530 facie
1125 465 1454 547 attonitus,
1504 465 1670 531 unde
1702 467 1961 530 cuiusve
2010 465 2099 529 rei
2138 464 2346 548 gratia
2390 484 2589 548 quave
2635 465 3020 530 confidentia

661 575 726 635 et
770 571 1127 637 temeritate
1173 590 1297 635 non
1343 571 1546 636 vocati
1607 558 1808 655 neque
1854 570 2116 636 admissi
2163 571 2445 652 veniant,
2516 570 2819 655 inquirit3
2890 571 3015 636 sibi

660 696 798 741 eam
846 676 1171 741 audaciam
1218 676 1349 741 vim
1379 676 1599 741 videri.
1672 677 1783 741 Illi
1816 696 1960 741 vero
2005 676 2418 760 respondent:
2469 677 2546 742 Se
2576 696 2615 742 a
2645 696 2789 761 rege
2821 697 3016 742 novae

661 783 885 866 Syenis
955 783 1267 866 propheta
1308 783 1429 847 Dei
1472 783 1731 848 iubente
1779 783 2091 867 evangelii
2157 783 2546 867 propagandi
2590 784 2798 866 gratia
2843 784 3017 848 able-

658 891 838 973 gatos
886 909 1018 954 esse
1049 907 1249 972 neque
1296 907 1360 953 se
1390 889 1459 953 in
1505 888 1621 954 hac
1668 889 2071 972 potissimum
2118 908 2184 953 re
2215 889 2296 973 ad
2342 890 2610 955 salutem
2659 889 3017 973 pertinente

659 997 1012 1061 commeatu
1057 997 1121 1061 et
1164 995 1348 1060 venia
1393 1014 1590 1079 egere,
1643 1014 1788 1060 cum
1834 1014 2101 1078 regnum
2129 995 2250 1059 Dei
2296 995 2427 1060 vim
2471 996 2754 1079 patiatur
2785 998 2850 1061 et
2880 996 3017 1061 vio-

658 1102 821 1167 lenti
865 1101 1031 1166 illud
1075 1101 1534 1186 ingrediantur.
1610 1102 1876 1167 Senatus
1923 1101 1999 1166 de
2045 1101 2221 1166 civili
2268 1102 2431 1166 bono
2478 1102 2843 1167 consultans
2891 1102 3015 1166 im-

598 1256 603 1263 .
659 1208 908 1291 patiens
957 1208 1274 1273 concionis
1337 1208 1620 1273 recedere
1666 1207 1835 1290 ipsos
1883 1206 2087 1288 iubet,
2138 1208 2204 1271 et
2249 1205 2305 1271 si
2350 1206 2503 1290 quid
2550 1207 2775 1288 velint,
2841 1226 3015 1271 more

566 1384 571 1389 ,
660 1314 1018 1379 Zuzatensis
1067 1314 1454 1397 reipublicae
1499 1314 1565 1379 id
1614 1316 1822 1398 agant.
1917 1314 2024 1379 Illi
2070 1332 2137 1378 se
2183 1314 2502 1378 contemni
2557 1313 2896 1378 sentientes
2945 1313 3016 1377 in

423 1964 494 2009 23.
523 1961 631 2007 Oct.

657 1420 933 1485 mediam
980 1421 1222 1485 curiam
1267 1421 1348 1486 ad
1394 1420 1580 1503 pedes
1646 1422 2004 1484 senatorum
2052 1418 2207 1483 duos
2255 1437 2473 1483 aureos
2528 1437 2819 1483 nummos
2865 1438 3016 1500 pro-

659 1526 914 1608 iiciunt,
988 1527 1219 1611 quibus
1283 1528 1655 1592 Zuzatenses
1725 1527 1912 1590 verbo
1959 1528 2023 1590 et
2085 1544 2276 1608 regno
2323 1523 2442 1589 Dei
2509 1524 2805 1607 indignos
2877 1543 3014 1588 esse

657 1634 869 1715 palam
936 1636 1253 1699 testantur
1271 1635 1310 1698 ¹.
1351 1641 1355 1645 ’
1403 1633 1531 1699 Ubi
1576 1651 1721 1702 vero
1769 1631 2093 1714 cognitum
2139 1633 2304 1695 esset
2348 1631 2517 1713 ipsos
2579 1629 3014 1711 anabaptistas

660 1741 725 1804 et
755 1760 792 1804 a
821 1759 966 1822 rege
1013 1739 1391 1805 Monasterio
1439 1737 1767 1803 seditionis
1814 1736 2221 1803 concitandae
2250 1755 2438 1801 causa
2483 1735 2803 1818 ablegatos
2851 1754 3008 1816 esse,

659 1846 958 1911 continuo
1003 1846 1180 1912 iussu
1214 1846 1467 1910 senatus
1515 1843 2132 1926 comprehenduntur
2177 1844 2363 1925 atque
2402 1840 2572 1905 intra
2615 1842 2828 1923 portas
2861 1858 3013 1904 suae

658 1953 838 2017 urbis
886 1953 990 2018 23.
1026 1951 1314 2017 Octobris
1359 1950 1571 2033 gladio
1617 1949 1783 2014 caesi
1827 1950 1895 2013 in
1940 1968 2164 2032 aggere
2210 1946 2605 2029 sepeliuntur
2624 1947 2664 2011 ².
2728 1946 3014 2025 Quorum

658 2077 825 2123 unus
844 2059 871 2099 ⁸
917 2058 1193 2122 multum
1240 2057 1627 2123 confidenter.
1670 2058 1733 2120 et
1780 2057 1932 2121 satis
1994 2053 2321 2120 temerarie
2365 2071 2597 2137 magna
2640 2052 2865 2117 mortis
2911 2072 3012 2116 se-

658 2164 930 2229 curitate
997 2163 1197 2229 fretus
1244 2163 1325 2228 ad
1370 2162 1730 2227 carnificem
1794 2162 1998 2226 dicere
2056 2179 2246 2225 ausus
2293 2161 2391 2225 est
2457 2178 2646 2224 suum
2712 2158 3012 2241 iugulum

657 2288 728 2335 eo
775 2270 876 2335 die
920 2271 999 2335 ab
1043 2269 1219 2334 illius
1288 2268 1499 2353 gladio
1564 2269 1911 2332 immunem
1956 2267 2105 2333 fore.
2199 2267 2322 2332 Sed
2366 2285 2513 2331 cum
2580 2265 2883 2345 carnifex,
2934 2267 3013 2330 ut

657 2375 726 2440 id
772 2396 983 2443 secum
1051 2375 1422 2459 experiatur,
1496 2373 1947 2457 respondisset,
2019 2375 2198 2438 tauta
2242 2373 2307 2438 vi
2367 2372 2651 2457 gladium
2713 2371 2783 2435 in
2839 2371 3010 2435 1111116

655 2483 883 2564 vibrat,
933 2485 1009 2548 ut
1052 2480 1374 2566 triplicem
1421 2480 1725 2546 cervicem
1772 2478 1958 2545 facile
2003 2477 2472 2563 penetravisset.

869 2764 912 2833 ¹)
950 2765 1022 2818 So
1059 2763 1271 2819 erzahlt
1306 2763 1444 2817 auch
1480 2763 1548 2818 D.
1587 2762 1768 2817 Lilie
1807 2762 2021 2818 a.a.O.:
2065 2801 2111 2827 „.
2133 2801 2145 2814 .
2169 2801 2180 2813 .
2206 2777 2420 2831 worpen
2458 2760 2555 2814 der
2592 2760 2782 2814 stuclte
2819 2759 3007 2830 goldes

654 2851 811 2906 itlike
848 2852 1231 2923 densulvigen“
1265 2852 1409 2920 (dem
1433 2850 1594 2917 Bate)
1641 2867 1766 2917 „vor
1791 2849 1858 2903 de
1883 2849 2044 2903 rothe
2079 2850 2184 2903 mit
2206 2849 2330 2903 dem
2354 2847 2565 2903 bovello
2601 2848 2697 2902 des
2723 2848 3005 2917 koninges,

653 2957 739 2994 1111
774 2958 922 3013 vorg.
962 2944 1141 2996 steit.“
1218 2943 1329 2995 Der
1366 2939 1560 2994 Befehl
1615 2939 1711 2993 des
1747 2939 1957 3008 Konigs
2010 2936 2220 2992 lautete
2273 2937 2413 2992 nach
2467 2937 2536 2991 D.
2574 2935 2717 2991 Lilie
2772 2936 2827 2990 S.
2866 2936 3001 2990 244:

657 3029 938 3096 „Welcker
991 3030 1142 3084 stede
1180 3047 1238 3084 er
1272 3028 1446 3083 wordt
1499 3029 1655 3082 nicht
1707 3027 1916 3081 wolden
1956 3043 2245 3095 annemen,
2300 3024 2556 3080 scholden
2595 3042 2653 3079 se
2688 3025 2745 3078 in
2785 3025 2874 3078 ein
2910 3041 3003 3094 ge-

655 3118 962 3173 tuechnisse
1017 3118 1113 3172 der
1148 3118 1337 3173 stucke
1375 3116 1562 3186 goldes
1599 3117 1687 3170 ein
1726 3114 1891 3169 edder
1926 3118 2030 3168 twe
2066 3131 2171 3168 van
2209 3114 2324 3168 siclt
2359 3130 2599 3183 werpen,
2653 3112 2909 3167 dar-mede
2946 3130 3006 3166 se

653 3207 775 3262 dem
810 3207 994 3263 Vader
1029 3208 1087 3261 111
1124 3207 1190 3261 (16
1228 3205 1414 3260 straffe
1453 3204 1694 3275 gesallen
1732 3203 1918 3258 solden
1956 3204 2088 3258 sin.“

867 3293 911 3364 ²)
949 3294 1003 3348 N
1006 3295 1107 3349 ach
1143 3296 1266 3349 dem
1303 3293 1521 3348 Soester
1554 3290 2028 3346 Bate-Protokolle
2083 3295 2301 3361 zbgerte
2337 3289 2434 3344 der
2467 3289 2578 3343 Rat
2628 3289 2732 3342 mit
2767 3288 2864 3343 der
2897 3289 3003 3342 Be—

653 3383 906 3453 strafung
942 3382 1037 3436 der
1060 3381 1283 3452 Apostel
1320 3381 1460 3435 noch
1497 3398 1555 3434 80
1592 3380 1773 3450 lange,
1810 3380 1894 3433 bis
1932 3378 2020 3432 die
2046 3378 2267 3432 Aemter
2301 3376 2414 3431 und
2445 3377 2534 3431 die
2560 3375 2856 3430 Gemeinde
2897 3392 3003 3446 „up

653 3471 990 3541 gudenstach
1028 3489 1100 3525 na
1129 3471 1300 3525 Sunte
1325 3469 1551 3524 Gallen“
1587 3469 1694 3535 (21.
1724 3467 1867 3535 Oct.)
1912 3466 2158 3534 „tosecht
2192 3505 2207 3521 .
2229 3507 2241 3519 .
2263 3506 2296 3535 .,
2333 3482 2438 3519 wes
2476 3482 2535 3520 er
2569 3463 2683 3518 und
2717 3463 2874 3518 recht
2911 3465 3004 3519 be-

650 3558 848 3628 vollen,
887 3559 983 3613 dat
1019 3577 1081 3630 sy
1108 3559 1175 3613 de
1198 3558 1578 3628 wedderdoper
1612 3557 1724 3611 und
1750 3556 1817 3610 de
1843 3573 2035 3625 genne,
2073 3555 2141 3609 de
2166 3572 2228 3625 sy
2263 3553 2467 3608 husede
2502 3553 2615 3607 und
2652 3551 3004 3622 herbergede,

652 3647 788 3702 sollc
826 3648 1048 3715 strafen,
1086 3647 1184 3701 dat
1207 3648 1274 3701 de
1298 3648 1408 3701 rait
1442 3663 1515 3699 na
1534 3645 1732 3700 ,1661116
1770 3644 2004 3710 straiffe3
2043 3661 2105 3714 sy
2129 3641 2312 3697 willen
2347 3643 2420 3712 by
2445 3641 2550 3696 den
2586 3640 2735 3695 raidt
2769 3640 2858 3695 lin
2890 3641 3004 3695 und

651 3740 755 3807 gut
791 3741 967 3791 setten
1016 3736 1129 3790 und
1166 3735 1336 3805 darby
1374 3736 1536 3802 stain,
1593 3733 1696 3787 ock
1712 3732 2041 3803 —derglicken
2097 3736 2263 3801 tegen
2299 3731 2366 3785 de
2403 3747 2594 3800 genne,
2651 3729 2721 3784 (16
2754 3730 2860 3784 mit
2897 3729 3004 3784 den

650 3824 1067 3895 wedderdopern
1104 3824 1353 3892 tofelleu,
1409 3822 1690 3894 derglikcn
1728 3826 1786 3876 to
1825 3821 2118 3877 straiffen.“
2194 3819 2292 3874 Als
2328 3820 2450 3890 Tag
2500 3819 2596 3874 der
2629 3818 3006 3888 Hinrichtung

651 3914 806 3983 giebt
842 3914 981 3968 auch
1019 3913 1114 3966 das
1150 3911 1589 3967 Rats-Protokoll
1629 3911 1735 3965 den
1772 3911 1858 3965 ⁶23.
1894 3910 2129 3964 October
2164 3926 2253 3966 an.
2325 3909 2392 3963 D.
2433 3909 2614 3963 Lilie
2666 3909 2840 3962 nennt
2874 3907 3004 3960 kein

648 4003 871 4057 Datum.
926 4003 999 4056 Er
1034 4005 1182 4071 sagt:
1227 4000 1413 4067 „Unde
1450 4000 1531 4054 als
1569 4000 1637 4054 de
1664 4001 1908 4070 gemeine
1944 4015 2069 4052 man
2105 4014 2212 4052 van
2248 3996 2352 4051 den
2391 4001 2598 4051 straten
2634 3994 3003 4062 vorschotten,

650 4090 864 4144 worden
903 4107 960 4145 86
996 4090 1282 4144 twisschen
1320 4088 1386 4143 de
1422 4093 1613 4159 porten
1652 4089 1796 4143 unde
1832 4086 1985 4142 welle
2023 4085 2302 4156 gebracht,
2352 4085 2420 4141 de
2455 4089 2648 4156 porten
2683 4087 3003 4154 togewaret„

649 4178 794 4231 unde
831 4178 928 4232 dar
964 4195 1067 4231 van
1104 4178 1226 4232 dem
1259 4176 1657 4246 scharprichter
1693 4178 1780 4231 ein
1816 4193 1888 4230 na
1925 4175 2047 4230 dem
2084 4174 2319 4229 anderen
2357 4173 2614 4229 enthovet
2647 4172 2793 4226 unde
2830 4171 3006 4225 darna

649 4269 706 4319 in
746 4266 812 4320 de
848 4266 1003 4320 welle
1039 4267 1356 4336 begraven.“

866 4352 911 4420 ⁸)
945 4354 1059 4407 Das
1094 4353 1371 4423 Folgende
1412 4353 1682 4408 berichtet
1715 4369 1821 4407 11111
1857 4353 2037 4407 Κ6188.
