3259 5075
633 274 764 338 696
1498 270 1682 336 Anno
1739 274 1904 337 1534
1948 275 2107 337 acta.

632 466 822 531 regno
868 447 1081 513 omnia
1146 466 1260 530 pro
1306 450 1451 512 voto
1490 447 1624 537 ,sibi
1691 450 2020 529 eventura,
2090 448 2256 531 quod
2301 467 2628 532 nunquam
2689 448 2984 513 futurum

629 555 768 620 erit.
864 554 1187 619 Admoneo
1249 553 1463 636 itaque
1508 555 1600 635 te,
1665 573 1744 618 ne
1788 554 2017 637 prioris
2064 554 2294 619 amoris
2341 555 2730 619 obliviscaris
2777 572 2983 637 neque

628 664 692 726 te
723 681 761 725 a
804 680 903 725 me
935 661 1188 725 alienes.
1257 660 1575 724 Beneficia
1616 660 1780 724 mihi
1814 679 1853 725 a
1887 663 1949 724 te
1996 663 2060 725 et
2104 679 2294 726 uxore
2339 663 2453 724 tua
2496 660 2774 725 exhibita
2819 679 2982 724 non-

628 767 780 830 dum
848 766 1241 848 exciderunt,
1314 766 1603 849 quamvis
1666 767 1833 831 mala
1890 767 1958 831 in
2005 769 2069 831 te
2113 765 2636 850 reprehenderim.
2730 765 2979 849 Cogita,

625 892 784 956 quae
829 872 955 937 tibi
1000 872 1265 937 antehac
1312 873 1474 938 serio
1520 873 1806 955 dixerim,
1855 892 2055 956 neque
2096 892 2312 937 eorum
2358 873 2766 953 obliviscaris»,
2817 891 2980 955 quae

624 980 792 1043 certo
826 978 1132 1059 evenient,
1182 979 1304 1042 etsi
1334 998 1504 1043 nunc
1549 980 2007 1045 tentationibus
2039 983 2226 1063 atque
2272 979 2721 1044 afflictionibus
2767 977 2978 1043 invol-

622 1086 852 1149 vimur.
944 1081 1151 1161 Quare
1198 1083 1395 1148 simus
1466 1086 1716 1166 fideles;
1786 1106 2024 1151 merces
2085 1088 2300 1150 nostra
2343 1086 2466 1150 erit
2510 1086 2793 1168 copiosa!
2876 1084 2977 1150 Sis

623 1191 869 1274 sapiens
901 1193 1129 1271 mente,
1178 1191 1430 1275 loquere
1466 1191 1816 1273 veritatem,
1865 1192 2150 1256 animum
2183 1210 2425 1256 resume
2465 1210 2664 1274 neque
2694 1190 2974 1273 despera,

622 1296 730 1361 sed
776 1295 1015 1361 fastum
1061 1296 1320 1378 depone,
1383 1296 1531 1379 fuge
1577 1297 2113 1378 incredulitatem,
2179 1297 2566 1362 orationibus
2613 1296 2827 1379 potius
2875 1296 2976 1360 in-

621 1403 805 1467 siste!
883 1402 985 1466 Ita
1030 1401 1160 1481 fiet,
1214 1410 1290 1467 ut
1334 1402 1618 1466 infirmos
1667 1405 1731 1466 et
1775 1402 2212 1485 pusillanimes
2256 1402 2613 1468 consoleris,
2677 1402 2976 1466 Admira-

620 1509 850 1573 bilium
911 1528 1173 1591 operum
1217 1508 1335 1572 Dei
1383 1528 1460 1573 ne
1507 1509 1928 1589 obliviscaris;
2005 1509 2426 1573 reminiscaris
2478 1509 2700 1573 Iosuae
2745 1510 2809 1572 et
2855 1507 2975 1572 Ca-

618 1614 830 1696 leph1,
880 1616 1016 1697 lege
1063 1614 1400 1697 aliquando
1446 1615 1678 1678 Hester
1718 1614 1794 1678 de
1829 1615 2197 1679 Mardocheo
2220 1616 2270 1678 2!
2343 1615 2504 1678 Nam
2549 1613 2810 1696 exiguus
2858 1633 2971 1696 po-

616 1720 806 1803 pulus
856 1740 1041 1784 suum
1087 1719 1386 1784 honorem
1432 1721 1753 1802 retinebit,
1810 1740 2166 1805 quanquam
2213 1721 2377 1785 illud
2422 1721 2487 1785 vi
2533 1719 2681 1784 fidei
2728 1723 2792 1783 et
2838 1720 2971 1783 sin-

614 1827 823 1908 gulari
869 1827 985 1890 Dei
1058 1826 1326 1891 artificio
1388 1826 1469 1890 ad
1514 1846 1695 1891 suam
1762 1828 2030 1910 gloriam
2098 1827 2342 1892 evenire
2406 1847 2529 1891 non
2599 1826 2966 1890 sentiamus

615 1932 875 1996 Utinam
919 1933 1277 2014 apostolum
1322 1933 1483 1997 mihi
1529 1953 1662 1998 esse
1710 1934 1958 2013 liceret3
2007 1937 2241 2017 quanto
2288 1933 2485 1997 animi
2529 1933 2769 1997 fervore
2799 1933 2968 1996 veri-

482 2092 487 2095 .
614 2039 811 2101 tatem
856 2038 1217 2120 profiterer!
1311 2038 1532 2102 Nonne
1577 2057 1748 2102 nunc
1795 2039 1998 2103 multo
2053 2039 2257 2122 magis
2303 2039 2600 2102 fiduciam
2646 2038 2714 2102 in
2760 2038 2968 2102 Deum

330 2156 361 2185 ‘¹
415 2158 588 2213 ..542

615 2144 1086 2224 collocaremus,
1138 2163 1282 2208 cum
1329 2144 1465 2227 ipse
1511 2164 1680 2208 nunc
1727 2145 1795 2208 in
1842 2144 2063 2211 *nobis
2125 2165 2389 2228 regnum
2455 2164 2667 2227 suum,
2717 2145 2795 2208 de
2840 2162 2968 2227 quo

613 2267 826 2313 omnes
858 2249 1208 2331 Prophetae
1242 2249 1574 2314 vaticinati
1612 2254 1781 2331 sunt,
1831 2251 2129 2333 perficiet,
2179 2251 2426 2315 etiamsi
2473 2251 2663 2315 multi
2694 2250 2966 2332 despon-

614 2353 805 2417 deant
848 2355 1158 2437 animum,
1232 2356 1463 2439 prioris
1525 2357 1755 2421 amoris
1825 2357 2297 2437 obliviscantur,
2368 2358 2573 2422 Deum
2615 2359 2680 2421 et
2722 2357 2803 2421 ab
2848 2356 2966 2422 illo

609 2460 832 2525 missos
904 2465 1335 2544 contemnant,
1404 2463 1571 2526 unde
1629 2464 1876 2527 constat
1943 2465 2194 2548 tempus
2256 2464 2384 2528 iam
2445 2483 2637 2547 prope
2707 2463 2964 2529 adesse?

608 2567 770 2648 Lege
817 2571 1006 2649 caput
1052 2569 1355 2633 ultimum
1426 2569 1661 2633 Esdrae
1711 2570 1821 2635 lib.
1870 2572 1944 2634 4!
2037 2571 2368 2635 Abiecitne
2412 2590 2526 2635 nos
2573 2590 2610 2635 a
2656 2589 2720 2634 se
2768 2570 2957 2650 Deu3‚

608 2692 754 2737 cum
799 2674 980 2737 nobis
1029 2676 1337 2740 benefacit
1383 2678 1447 2740 et
1493 2676 1804 2758 castigat?
1851 2677 2060 2743 Sinos
2095 2698 2219 2742 non
2266 2677 2571 2742 habemus
2602 2676 2956 2756 veritatem,

609 2777 662 2840 si
711 2778 901 2843 citius
963 2780 1118 2843 bene
1164 2799 1344 2863 agere
1406 2782 1726 2863 coepimus
1776 2785 1838 2845 et
1884 2801 1921 2846 a
1963 2802 2110 2847 vera
2154 2784 2258 2847 via
2302 2781 2749 2861 aberravimuS,
2801 2800 2959 2864 quo-

604 2884 788 2947 modo
836 2904 984 2968 ergo
1030 2888 1198 2951 Deus
1245 2888 1527 2970 quotidie
1560 2888 1642 2966 ‚in
1674 2889 2029 2971 cognitione
2077 2910 2223 2953 suae
2255 2888 2540 2954 veritatis
2588 2886 2789 2970 magis
2821 2906 2958 2950 ma-

602 2988 826 3072 gisque
872 3010 981 3054 nos
1030 2993 1340 3074 illustrat,
1412 2993 1580 3058 sicut
1627 2994 1802 3058 brevi
1849 3013 1923 3058 ex
1969 2995 2220 3077 scriptis
2269 2993 2574 3058 Bernardi
2622 3013 2956 3076 cognosce-

602 3096 837 3161 mus?²
926 3098 1044 3161 Sed
1091 3100 1259 3163 Deus
1309 3099 1498 3164 donet
1541 3099 1665 3164 tibi
1712 3103 1776 3165 et
1820 3100 2004 3166 nobis
2052 3101 2344 3166 omnibus
2413 3119 2560 3165 suae
2607 3100 2954 3182 sapientiae

601 3201 1014 3284 agnitionem,
1064 3206 1466 3287 quantumvis
1515 3206 1707 3270 etiam
1752 3206 2028 3271 mundus
2075 3208 2322 3272 malitia
2365 3209 2430 3271 et
2475 3206 2644 3271 fastu
2692 3225 2804 3270 suo
2849 3206 2953 3269 in-

603 3306 898 3372 solescat!
992 3309 1067 3372 In
1114 3311 1237 3374 fide
1282 3311 1547 3393 persiste
1594 3312 1840 3393 salvus3
1891 3313 2095 3378 carnis
2144 3333 2360 3378 curam
2404 3316 2550 3396 agat
2597 3313 2802 3377 Deus!

1664 3419 1927 3484 Ioannes
1973 3420 2321 3503 LeydanuS.

1151 3522 1443 3588 Potentia
1486 3524 1602 3589 Dei
1652 3509 1846 3590 robur
1890 3545 2121 3607 meum,
2169 3526 2270 3590 vel
2317 3526 2408 3590 sic
2454 3524 2853 3590 Germanice:

1449 3629 1605 3696 Gots
1652 3631 1880 3696 kracht
1922 3630 2012 3695 ist
2055 3631 2222 3696 mein
2270 3633 2546 3696 macht.“

808 3765 1070 3829 Ioannes
1116 3766 1588 3834 Dusentschuer
1634 3770 1943 3853 propheta
1986 3790 2198 3854 regem
2242 3771 2518 3855 graviter
2557 3790 2595 3836 a
2625 3772 2946 3854 Knipper-

593 3868 875 3954 dollingo
923 3871 1231 3936 offensum
1277 3892 1411 3937 esse
1480 3876 1784 3958 sentienS,
1833 3877 1909 3940 ut
1954 3896 2099 3959 ergo
2159 3877 2369 3959 ipsum
2416 3896 2453 3941 a
2498 3878 2796 3958 concepta
2842 3877 2943 3940 in-

592 3974 985 4058 dignatione,
1036 3995 1223 4059 quam
1270 3978 1479 4043 animo
1524 3982 1812 4045 excutere
1859 3999 1983 4046 non
2031 3982 2268 4064 potuit,
2341 3983 2526 4047 rebus
2573 3982 2944 4047 laetioribus

808 4238 847 4306 ¹)
885 4238 1048 4294 Num.
1092 4240 1171 4308 14,
1211 4242 1280 4294 24
1300 4241 1382 4306 ff.;
1420 4242 1507 4312 26,
1544 4243 1643 4306 65;
1683 4245 1769 4314 32,
1811 4247 1893 4300 12.
1933 4261 2002 4283 —·
2041 4244 2084 4313 ²)
2123 4246 2318 4300 Esther
2355 4246 2463 4300 aff.
2504 4274 2573 4285 —
2617 4244 2662 4315 ⁸)
2698 4244 2943 4301 Hinweis

588 4324 689 4379 auf
720 4325 1075 4381 Rothmann's
1117 4329 1533 4397 „Restitution‚“
1576 4331 1664 4386 die
1700 4332 1776 4386 im
1815 4332 2049 4388 October
2091 4335 2227 4387 1534
2270 4335 2345 4387 im
2381 4334 2566 4388 Druck
2603 4334 2865 4389 erschien.
