3259 5075
590 265 731 330 446
1462 265 1648 332 Anno
1699 267 1871 332 1533
1914 268 2075 333 acta.

594 460 734 523 nos,
785 439 954 506 sicut
984 439 1373 524 decrevistis,
1422 441 1831 509 trucidabitis
1863 462 2065 527 neque
2095 444 2255 509 urbe
2285 443 2725 527 profligabitis.
2792 444 2954 510 Sunt

599 548 773 613 enim
817 548 999 613 nobis
1045 550 1112 614 et
1154 549 1320 615 vires
1367 550 1432 615 et
1477 551 1721 615 arma!“
1819 550 2083 616 Subitus
2141 550 2443 634 utrinque
2487 550 2564 615 fit
2608 550 2952 633 discursus,

596 654 900 739 utrinque
968 654 1343 721 adferuntur
1408 674 1606 738 arma,
1678 657 1980 741 utrinque
2047 656 2293 722 reditur
2336 656 2418 721 ad
2462 656 2687 722 forum.
2782 653 2952 722 Cleri

597 779 844 845 quoque
910 761 1200 844 primarii
1266 761 1551 827 ministri
1607 781 1725 828 nec
1770 783 1897 828 non
1944 762 2186 847 aliquot
2230 781 2305 828 ex
2350 763 2515 829 clero
2585 762 2953 828 secundario

598 867 827 932 armati
871 866 941 931 in
984 866 1371 950 praesidium
1418 869 1808 934 senatorium
1852 869 2224 951 accurrunt3
2285 869 2586 954 utrinque
2632 888 2764 934 sese
2808 887 2953 933 mu-

598 973 789 1039 niunt
806 976 848 1039 ¹.
943 973 1256 1040 Senatorii
1301 974 1563 1057 curiam,
1628 975 2150 1040 Rothmannistae
2193 994 2339 1041 vero
2384 974 2763 1040 infirmiores
2809 974 2953 1059 qui-

599 1079 763 1163 dem,
813 1080 916 1145 sed
965 1080 1349 1146 advenarum
1391 1082 1613 1147 robore
1658 1080 1809 1146 freti
1866 1099 2125 1146 murum
2170 1081 2517 1147 coemiterii
2558 1081 2954 1147 Lambertini

593 1204 710 1269 pro
756 1186 963 1251 tutela
1005 1188 1071 1251 et
1115 1186 1513 1252 defensaculo
1559 1188 1906 1271 occupant3
1961 1186 2261 1272 utrinque
2305 1189 2650 1253 nocturnae
2693 1185 2952 1269 vigiliae

595 1292 1038 1376 disponuntur,
1085 1292 1387 1376 utrinque
1418 1292 1544 1358 sibi
1574 1293 1892 1375 metuunt,
1938 1292 2240 1377 utrinque
2270 1294 2338 1359 in
2370 1293 2541 1358 diem
2585 1293 2953 1376 sequentem

595 1398 826 1464 armati
855 1397 1231 1464 consistunt.
1303 1399 1567 1465 Senatus
1599 1399 1986 1465 advenarum
2015 1399 2181 1464 vires
2227 1399 2628 1484 potissimum
2660 1400 2950 1464 metuens

593 1503 957 1570 luctuosum
1025 1505 1275 1569 motum
1318 1507 1383 1570 et
1426 1507 1754 1570 cruentam
1820 1506 2173 1570 multorum
2234 1505 2470 1571 civium
2528 1508 2804 1589 stragem
2847 1504 2950 1569 in-

596 1613 763 1677 stare
808 1611 1285 1694 animadvertit,
1355 1611 1481 1678 nisi
1528 1631 1595 1677 se
1640 1613 1887 1678 mature
1934 1612 2298 1696 interponat
2341 1613 2407 1677 et
2451 1611 2692 1676 animos
2737 1610 2950 1675 utrin-

595 1736 715 1802 que
760 1720 1151 1801 exasperatos
1219 1717 1492 1801 mitiget.
1587 1717 1792 1797 Quare
1851 1718 1920 1782 in
1965 1717 2335 1803 crepusculo
2402 1717 2717 1783 matutino
2786 1716 2950 1782 sexti

353 1838 407 1879 <³-
436 1833 566 1880 nov.
595 1823 724 1889 diei
766 1823 1143 1890 Novembris
1189 1823 1266 1889 de
1308 1843 1461 1908 pace
1504 1824 1931 1908 recuperanda
1973 1843 2088 1908 per
2130 1824 2299 1889 viros
2342 1843 2563 1908 graves
2609 1842 2682 1888 ex
2727 1823 2951 1888 senatu

595 1933 660 1996 et
702 1931 885 2014 plebe
915 1929 1293 2015 designatos,
1343 1931 1452 2015 qui
1481 1930 1690 2014 gratia
1719 1930 2018 2014 utrinque
2048 1930 2325 1996 multum
2355 1929 2669 2013 valebant,
2712 1929 2945 2013 agitur.

593 2036 801 2121 Atque
846 2036 941 2102 ibi
986 2037 1294 2121 Wyckius
1337 2039 1640 2120 utrasque
1705 2038 1919 2118 partes
1963 2035 2193 2102 acriter
2258 2036 2585 2102 admonet:
2653 2034 2951 2119 Cogitant

595 2161 661 2208 se
705 2143 896 2209 unius
936 2143 1119 2208 urbis
1164 2161 1300 2209 esse
1343 2144 1530 2225 cives,
1577 2143 1771 2208 unius
1817 2142 2095 2225 corporis
2142 2143 2441 2226 membra,
2503 2142 2730 2207 iisdem
2775 2159 2949 2206 moe-

593 2249 783 2315 nibus
830 2249 1141 2332 concludi‚
1189 2248 1406 2315 eodem
1452 2250 1839 2315 sacramento
1885 2250 1952 2313 et
1995 2248 2135 2314 iure
2179 2248 2399 2314 teneri,
2471 2248 2676 2328 Quam
2720 2247 2808 2313 sit
2849 2249 2949 2313 te-

300 2366 409 2439 ⁴p.
444 2366 566 2423 398.
594 2354 934 2420 merarium
966 2373 1088 2437 eoa,
1138 2354 1251 2439 qui
1294 2354 1525 2420 iisdem
1569 2354 1960 2439 *plebiscitis
2006 2354 2547 2437 constringuntur,
2596 2352 2715 2418 sub
2762 2371 2948 2437 prae-

591 2462 774 2527 textu
822 2460 1133 2545 evangelii
1163 2463 1228 2527 et
1271 2460 1596 2546 religionis
1642 2459 1904 2526 induere
1934 2478 2127 2544 arma,
2174 2479 2365 2544 quam
2409 2459 2721 2526 maiorum
2750 2459 2948 2526 mori-

592 2569 716 2633 bus
760 2567 1089 2650 dissimile,
1160 2587 1353 2652 quam
1395 2568 1660 2633 naturae
1727 2566 2061 2633 adversum
2118 2566 2470 2633 vicinitatis
2519 2570 2584 2633 et
2628 2566 2948 2632 amicitiae

584 2673 988 2740 veneratione
1031 2674 1337 2757 neglecta,
1385 2673 1720 2740 affinitatis
1766 2673 2137 2758 cognatione
2181 2692 2436 2739 excussa
2481 2674 2545 2739 et
2590 2672 2945 2738 arctissimo

591 2780 918 2864 sanguinis
961 2781 1218 2847 vinculo
1262 2778 1572 2846 dissoluto
1619 2780 1689 2846 in
1719 2782 2019 2845 mutuum
2064 2778 2327 2844 exitium
2373 2778 2750 2862 conspirare,
2798 2796 2945 2843 san-

588 2887 783 2972 guine
829 2889 1092 2972 cognato
1137 2887 1348 2954 silices
1393 2889 1749 2973 platearum
1792 2887 2094 2970 polluere,
2145 2887 2216 2953 in
2259 2885 2501 2952 viscera
2546 2904 2660 2950 sua
2703 2884 2946 2950 irruere

589 2995 654 3059 et
682 2993 1024 3077 parricidio
1052 3014 1278 3061 manus
1311 3014 1454 3061 suas
1486 2994 1913 3060 contaminare
1943 2995 2235 3077 turpiter.
2292 2990 2679 3057 Prudentius
2725 2990 2945 3074 itaque

579 3119 801 3165 secum
846 3100 1215 3184 expendant,
1264 3099 1419 3184 quid
1463 3102 1710 3183 natura,
1758 3099 1916 3183 quid
1961 3100 2134 3164 recta
2167 3098 2349 3181 ratio,
2398 3097 2554 3182 quid
2600 3096 2945 3180 coniugum

578 3208 655 3270 et
698 3204 1042 3271 liberorum
1088 3206 1287 3288 salus,
1359 3206 1515 3291 quid
1575 3205 1819 3290 patriae
1885 3204 2322 3286 incolumitas,
2392 3202 2547 3288 quid
2594 3202 2947 3269 christiana

587 3306 831 3392 religio,
879 3310 1009 3375 imo
1056 3311 1211 3395 quid
1262 3312 1433 3378 Deus
1487 3312 1623 3395 ipse
1670 3311 2035 3377 concordiae
2079 3311 2299 3375 auctor
2343 3309 2543 3374 dictet
2594 3310 2659 3373 et
2700 3308 2941 3375 iubeat.

585 3414 707 3480 His
753 3416 962 3481 verbis
1007 3435 1327 3483 armorum
1372 3419 1438 3484 et
1482 3418 1611 3483 irae
1656 3417 1864 3483 fervor
1908 3417 2220 3501 paulatim
2265 3416 2597 3497 flaccescit,
2649 3435 2723 3480 ac
2769 3434 2943 3480 ama-

578 3518 738 3585 bilis
783 3523 1145 3588 concordiae
1209 3523 1497 3590 studium
1555 3523 1651 3589 ita
1692 3523 1935 3589 animos
1981 3522 2266 3589 omnium
2309 3518 2567 3587 tandem
2611 3521 2816 3604 subit,
2864 3523 2945 3587 ut

586 3624 755 3691 nihil
796 3629 1044 3709 praeter
1086 3648 1305 3711 pacem
1334 3630 1635 3714 utrinque
1679 3629 2062 3695 affectarent.
2125 3628 2211 3693 Et
2240 3647 2385 3693 cum
2416 3627 2943 3694 Rothmannistae

582 3748 788 3814 neque
831 3731 990 3797 urbe
1041 3733 1259 3798 cedere
1287 3734 1524 3801 vellent
1568 3753 1771 3819 neque
1811 3754 1957 3800 suos
2003 3734 2468 3799 concionatores
2515 3734 2941 3818 profligandos

582 3853 721 3900 esse
766 3839 1160 3921 paterentur,
1228 3840 1528 3906 senatorii
1572 3860 1719 3907 vero
1765 3839 1942 3905 nullo
1987 3839 2171 3905 modo
2218 3839 2389 3923 ipsos
2435 3839 2517 3905 ad
2562 3838 2941 3905 concionan-

582 3937 740 4005 dum
771 3940 1194 4009 admittendos
1218 3963 1352 4010 esse
1382 3945 1833 4011 contenderent
1868 3944 2358 4030 (Theodoricum
2380 3945 2551 4010 enim
2573 3944 2942 4011 Fabricium

800 4151 844 4221 ¹)
884 4152 1043 4219 „Und
1094 4153 1171 4208 ist
1206 4153 1278 4209 da
1326 4154 1527 4210 bevorn
1582 4173 1655 4212 an
1708 4155 1815 4211 den
1866 4173 2180 4228 vei-gangen
2231 4156 2556 4212 mitwochen
2591 4156 2643 4211 5.
2678 4156 2942 4212 novembr

575 4237 734 4292 «einer
767 4237 1240 4312 blutvergiessung
1274 4243 1361 4298 nit
1383 4242 1535 4298 ferne
1558 4246 1793 4313 gewest“
1834 4243 2078 4300 schreibt
2098 4261 2149 4301 v.
2174 4244 2227 4299 d.
2247 4243 2435 4299 Wieck
2471 4244 2530 4299 in
2557 4245 2761 4300 seinem
2783 4244 2949 4300 Brief

578 4341 706 4379 vom
744 4325 827 4382 15.
863 4326 920 4381 N
922 4344 1004 4383 ov.
1040 4345 1112 4384 an
1147 4328 1184 4383 J
1186 4329 1275 4386 oh.
1309 4330 1500 4400 Feigk.
