3259 5075
1178 280 1363 347 Anno
1415 280 1587 348 1533
1636 282 1794 348 acta.
2526 278 2656 344 441

295 456 789 541 expendendum
857 456 1229 542 relinquere.
1319 458 1564 525 Iterum
1609 476 1758 541 ergo
1804 476 1871 523 se
1916 455 2206 521 senatum
2266 473 2537 537 monere,
2583 456 2662 521 ut

295 564 498 648 hunc,
548 564 720 630 sicut
763 564 1119 647 antiquitus
1161 564 1303 630 fieri
1349 564 1694 646 consuevit,
1741 561 2099 629 concionari
2142 560 2444 645 patiatur.

520 670 790 737 Senatus
838 672 900 736 3.
946 670 1311 736 Decembris
1358 671 1693 755 respondet
1709 671 1762 736 ¹:
1811 670 1888 735 Se
1933 668 2242 752 principis
2287 668 2504 733 literas
2552 668 2656 734 28.
2686 684 2730 728 ⁸.
2757 680 2877 729 De·-

297 780 365 842 et
396 778 506 843 30.
537 777 836 843 Octobris
882 796 997 843 nec
1028 796 1155 842 non
1188 779 1292 843 27.
1323 778 1699 843 Novembris
1747 775 2013 859 scriptas
2052 774 2383 858 accepisse,
2431 774 2661 859 legisse

298 884 366 948 et
408 883 826 966 intellexisse,
877 883 955 948 ad
1001 902 1159 967 quas
1203 883 1612 967 respondeat:
1682 881 1842 948 Cum
1889 881 2148 966 quidam
2191 881 2659 947 concionatores

295 989 542 1055 multas
612 990 737 1054 sibi
796 990 1117 1056 molestias
1163 990 1231 1054 in
1279 990 1435 1054 urbe
1503 1008 1617 1054 sua
1661 989 2023 1071 exhibeant,
2072 1008 2139 1053 se
2183 1007 2310 1053 non
2380 1006 2660 1071 sperasse

296 1095 659 1178 principem
702 1096 967 1179 insuper
1010 1115 1114 1161 eas
1146 1098 1483 1161 aucturum
1527 1095 1744 1161 fuisse.
1814 1094 1996 1174 Quod
2025 1094 2239 1160 autem
2286 1093 2411 1160 sibi
2456 1094 2659 1159 invito

298 1201 750 1267 terminarium
781 1201 1097 1284 obtrudat,
1146 1202 1259 1286 qui
1303 1202 1520 1285 impiis
1556 1202 1690 1266 suis
1723 1201 2127 1267 concionibus
2147 1203 2190 1283 ²,
2237 1200 2340 1266 uti
2383 1201 2511 1266 iam
2555 1200 2658 1265 bis

296 1306 670 1373 factitatum
701 1308 806 1390 sit,
857 1308 1231 1374 seditionem
1274 1308 1564 1390 concitet,
1613 1326 1680 1373 se
1710 1306 1888 1372 nullo
1931 1306 2117 1372 modo
2161 1307 2462 1388 laturum,
2511 1326 2660 1373 cum
2758 1333 2764 1340 ·

298 1430 524 1477 causas
573 1415 773 1478 certas
834 1412 1090 1495 habeat,
1151 1432 1266 1478 cur
1308 1412 1498 1479 istius
1543 1413 1837 1478 monachi
1903 1414 2231 1478 conciones
2296 1413 2466 1478 inter
2510 1431 2656 1479 suos

226 1541 233 1548 ·
296 1537 432 1584 non
479 1518 610 1583 sint
654 1519 1034 1584 tolerandae.
1103 1518 1182 1584 Se
1212 1537 1360 1602 ergo
1392 1518 1604 1583 omnia
1646 1517 1807 1583 iuris
1851 1517 2166 1601 praesidia
2195 1517 2493 1582 adversus
2523 1517 2658 1584 vim

296 1624 405 1689 his
454 1625 709 1708 scriptis
754 1625 1113 1709 implorare.
1173 1624 1301 1691 Ubi
1331 1644 1476 1691 vero
1522 1624 1866 1691 monachus
1911 1625 1982 1690 in
2009 1625 2167 1689 urbe
2213 1623 2479 1689 dissidia
2507 1643 2656 1689 con-

297 1729 502 1795 citare
545 1750 672 1796 non
717 1729 1085 1814 destitisset,
1135 1751 1200 1798 se
1244 1731 1348 1795 illi
1392 1732 1799 1797 securitatem
1844 1730 2168 1816 publicam
2212 1730 2613 1796 renunciasse
2629 1732 2656 1772 ⁸

296 1854 375 1901 ac
420 1837 580 1901 urbe
645 1836 1061 1903 interdixisse.
1159 1836 1473 1922 Quicquid
1529 1839 1743 1902 autem
1803 1836 2096 1921 princeps
2158 1836 2455 1902 adversus
2500 1837 2656 1902 haec

297 1940 443 2007 iure
494 1960 677 2025 agere
722 1943 824 2009 vel
867 1943 1025 2009 velit
1068 1943 1169 2008 vel
1216 1945 1423 2027 queat,
1472 1962 1538 2008 se
1567 1943 1882 2026 patienter
1924 1942 2086 2007 ferre
2132 1943 2434 2025 oportere.
2511 1942 2656 2008 Non

296 2048 517 2113 tamen
562 2068 628 2114 se
659 2069 930 2134 sperare,
976 2050 1144 2134 quod
1174 2069 1321 2116 cum
1362 2049 1656 2133 principe
1702 2050 1771 2114 in
1814 2049 2087 2133 gratiam
2130 2047 2316 2131 impii
2360 2048 2655 2114 monachi

298 2150 373 2219 in
419 2154 760 2222 dissidium
804 2158 871 2223 et
927 2175 1156 2221 novam
1222 2156 1688 2221 contentionem
1732 2155 1820 2220 sit
1877 2154 2219 2221 rediturus.
2313 2153 2505 2219 Suam
2551 2151 2654 2220 *se
2678 2166 2776 2240 ⁸1».
2811 2167 2939 2225 395.

303 2280 562 2326 causam
607 2282 818 2329 coram
863 2261 1194 2347 quibusvis
1239 2261 1681 2346 principibus⁴
1726 2260 2151 2327 defensurum.

516 2368 769 2434 Interea
833 2370 1270 2435 Rothmannus
1340 2367 1745 2452 chirographi
1791 2369 1855 2433 et
1898 2366 2193 2451 promissi
2260 2366 2361 2432 sui
2415 2367 2653 2433 oblitus

300 2472 383 2538 ad
427 2472 756 2558 ingenium
801 2495 990 2543 suum
1018 2476 1217 2559 redit3
1267 2478 1336 2541 at
1363 2494 1510 2541 cum
1555 2475 1810 2541 senatus
1855 2475 2033 2541 metu
2077 2492 2397 2558 repressus
2443 2474 2657 2557 palam

301 2581 739 2665 anabaptisma
770 2583 1079 2648 seminare
1123 2602 1249 2648 non
1283 2582 1556 2664 auderet,
1605 2581 1868 2647 occultis
1914 2580 2428 2666 digressionibus,
2479 2582 2654 2646 clan-

303 2684 571 2752 destinis
635 2688 965 2774 colloquiis
1010 2707 1084 2753 ac
1129 2688 1641 2773 suggestionibus
1658 2690 1686 2729 ⁵
1727 2707 1798 2753 eo
1843 2707 1978 2753 rem
2022 2686 2334 2771 perduxit,
2381 2688 2457 2752 ut
2501 2706 2652 2752 ana·

520 2934 565 3004 ¹)
602 2934 754 3007 Orig.
790 2937 868 2992 im
904 2936 1076 2992 sa-A.
1111 2936 1188 2991 M.
1247 2936 1485 3007 Abgedr.
1519 2936 1610 2991 bei
1645 2936 1699 2992 J.
1736 2936 1793 2991 N
1800 2937 1898 2990 ies
1913 2937 2040 2990 ert:
2078 2934 2237 2991 U.-B.
2275 2933 2350 2990 1¹.
2387 2933 2443 2989 S.
2469 2934 2576 2988 227
2593 2933 2651 2991 ff.

517 3022 564 3094 ¹)
603 3024 804 3092 „dorch
838 3027 956 3081 sein
991 3025 1218 3081 heilloes
1254 3026 1568 3098 prodigen.“
1641 3025 1748 3081 Die
1781 3024 2095 3080 hessischen
2128 3023 2392 3091 Prediger
2437 3022 2653 3078 melden

299 3110 424 3165 dem
459 3111 710 3182 Bischof,
765 3113 888 3169 dass
941 3113 1218 3185 Mumpert
1257 3113 1649 3185 „ungeschiclrt
1700 3112 1814 3168 und
1849 3110 2208 3167 unchristlich
2244 3110 2410 3182 dinge
2460 3127 2651 3182 vorge-

297 3214 551 3254 nommen
588 3200 701 3255 und
735 3201 1053 3272 gepredigt“
1092 3201 1251 3256 habe.

480 3287 527 3355 ⁸)
569 3288 756 3356 „nicht
787 3289 1089 3360 unbillige“
1115 3289 1287 3345 heisst
1309 3307 1367 3345 es
1390 3291 1468 3344 im
1492 3288 1803 3359 Schreiben,
1838 3288 1954 3343 und
1976 3288 2123 3343 dann
2145 3289 2358 3344 weiter:
2402 3328 2451 3356 „.
2470 3329 2485 3344 .
2501 3330 2515 3344 .
2541 3285 2651 3342 dan

298 3391 387 3445 vy
423 3374 565 3430 ohne
602 3377 703 3431 ock
739 3377 853 3433 also
890 3376 996 3433 den
1031 3378 1120 3433 die
1154 3379 1214 3432 in
1238 3395 1402 3434 unser
1433 3377 1585 3433 stadt
1617 3377 2023 3449 twyspaltunge
2058 3376 2173 3431 und
2205 3375 2514 3444 twidracht,
2550 3375 2652 3431 ock

297 3463 567 3521 unsredde
601 3465 715 3521 und
749 3469 1009 3538 rottunge
1043 3466 1338 3536 werckede,
1389 3467 1546 3521 nicht
1579 3470 1782 3522 wetten
1817 3466 1915 3522 tho
1952 3466 2236 3537 schutzen,
2273 3469 2332 3521 to
2369 3465 2651 3520 schermen

296 3552 414 3607 und
447 3553 547 3608 tho
583 3554 906 3625 godulden.“
946 3584 1015 3595 —
1065 3554 1112 3624 ⁴)
1147 3555 1235 3610 Im
1272 3555 1449 3626 Orig.:
1492 3573 1618 3623 „vor
1654 3554 1792 3611 aller
1827 3554 2166 3627 geborlicher
2201 3553 2586 3624 overicheytt.“

518 3642 565 3712 ⁸)
612 3643 684 3700 So
739 3644 880 3699 auch
932 3644 1004 3699 H.
1040 3644 1090 3699 D
1106 3662 1227 3717 orp
1279 3644 1368 3701 Bl.
1406 3643 1450 3700 C
1467 3646 1533 3700 2:
1594 3644 1786 3713 „Denn
1839 3644 1928 3698 die
1963 3643 2346 3699 Widerteuffer
2397 3641 2652 3714 prediger

296 3729 506 3785 leerten
544 3731 804 3787 heimlich
856 3734 916 3788 in
953 3732 1059 3788 den
1093 3733 1325 3789 heusern
1365 3775 1380 3789 .
1402 3775 1415 3790 .
1433 3734 1481 3788 .“
1555 3733 1631 3789 Eh-
1665 3733 1793 3804 fiigt
1825 3733 2015 3788 hinnu:
2077 3733 2290 3800 „Darzu
2341 3748 2401 3786 so
2437 3731 2650 3786 trieben

297 3820 380 3874 sie
417 3819 717 3892 dieselbige
749 3820 864 3876 lere
916 3822 1073 3877 nicht
1115 3822 1255 3877 denn
1293 3823 1354 3877 in
1389 3823 1487 3878 der
1521 3821 1715 3891 nacht,
1768 3838 1922 3877 wenn
1978 3821 2147 3877 ander
2181 3820 2332 3876 lente
2385 3818 2650 3875 schlafl'en

296 3924 504 3978 waren,
560 3909 643 3965 als
679 3909 789 3965 dan
823 3910 1000 3966 lerten
1035 3911 1150 3965 und
1184 3911 1419 3966 taufften
1457 3913 1536 3966 sie
1572 3951 1587 3966 .
1610 3951 1624 3966 .
1646 3911 1693 3965 .“
1768 3911 1916 3966 Aber
1948 3910 2262 3966 Rothmann
2298 3911 2472 3964 setzte
2508 3906 2651 3961 auch

298 3996 584 4052 offentlich
620 3998 724 4053 auf
752 3998 849 4054 der
870 3999 1080 4055 Kanzel
1116 4001 1235 4055 sein
1257 3999 1530 4071 Predigen
1564 4000 1692 4056 fort.
1746 3999 1815 4054 In
1854 4001 2003 4055 einer
2024 3998 2400 4069 Klageschrift
2435 4013 2506 4052 an
2543 3996 2650 4052 den

295 4085 410 4140 Bat
443 4085 613 4141 heisst
648 4104 705 4142 es
743 4086 812 4157 (s.
849 4086 998 4143 0.A.
1026 4086 1417 4144 Cornelius:
1454 4088 1619 4144 MA.
1658 4088 1738 4144 Π.
1774 4088 1831 4144 S.
1866 4087 2016 4158 366),
2052 4087 2173 4143 dass
2213 4087 2343 4155 „her
2375 4084 2651 4141 Bernhart

295 4173 573 4230 Bothman
606 4175 749 4231 nach
786 4175 910 4230 dem
932 4177 983 4232 3.
1008 4179 1139 4247 tage
1164 4177 1382 4233 Octobr.
1418 4193 1487 4231 zu
1524 4180 1683 4233 sanct
1705 4176 1937 4246 Servate,
1975 4176 2065 4232 die
2099 4176 2250 4231 leute
2286 4191 2354 4229 zu
2389 4174 2649 4230 behalten

293 4263 387 4317 bei
422 4263 602 4319 seiner
633 4265 910 4335 meinung,
946 4265 1152 4321 widder
1186 4264 1276 4321 die
1309 4265 1648 4321 kindertauff
1676 4266 1791 4321 und
1825 4268 2200 4322 sacramenten
2236 4264 2330 4319 des
2358 4264 2499 4319 leibs
2534 4261 2650 4317 und

294 4350 447 4407 bluts
471 4351 676 4408 Christi
716 4352 929 4409 allerlei
953 4353 1252 4425 ergerliche
1276 4355 1389 4410 und
1412 4354 1776 4411 aufrorissche
1798 4354 2020 4426 predigt
2041 4353 2294 4425 gehabt‘
2335 4353 2408 4409 Es
2432 4351 2648 4408 werden
