3259 5075
1153 319 1338 386 Anno
1390 322 1558 386 1534
1604 323 1762 386 acta.
2500 323 2625 387 561

266 517 505 580 magno
553 497 1105 563 circumstantium
1150 497 1406 563 horrore
1439 498 1723 563 concutit
1743 501 1782 563 ¹.
1842 497 2040 563 Nemo
2087 497 2291 580 igitur
2335 496 2633 562 adversus

268 604 392 669 hos
437 604 608 669 viros
653 604 773 668 Dei
818 603 1053 667 mutire
1100 605 1212 668 aut
1255 603 1498 668 hiscere
1545 622 1737 668 ausus
1782 603 1923 667 fuit.
1990 603 2136 668 Mox
2180 603 2433 667 Ioannis
2467 604 2634 667 Mat-

269 711 523 776 thisson
573 710 673 775 his
719 709 1000 793 Leydani
1046 710 1258 774 verbis
1304 710 1371 773 in
1414 709 1598 774 caede
1645 709 2063 792 perpetranda
2110 708 2525 774 *obstinatior
2570 710 2633 773 et
2659 726 2754 797 *μ
2793 726 2918 784 476,

273 818 671 882 obfirmatior
730 816 1016 881 redditus
1062 817 1422 898 Hupertum
1483 818 1629 881 ante
1677 816 1862 899 pedes
1910 834 2055 880 suos
2119 816 2634 897 procumbentem

271 942 670 1008 pronumque
716 924 786 987 in
831 925 1001 988 terra
1043 923 1352 988 iacentem
1396 923 1609 987 valida
1653 923 1943 1005 bipenne,
2007 924 2243 1004 quanta
2288 921 2353 985 vi
2398 923 2628 1005 potuit,

273 1029 596 1113 transigit.
663 1028 783 1094 Sed
814 1047 961 1093 cum
994 1048 1117 1093 non
1148 1029 1378 1109 subito,
1429 1031 1505 1093 ut
1551 1029 1687 1111 ipse
1720 1029 2028 1111 sperabat,
2078 1029 2403 1111 expiraret,
2455 1031 2633 1111 rapta

273 1137 360 1201 ab
407 1138 649 1200 astante
716 1135 1256 1217 chyrobombarda
1319 1134 1587 1198 eundem
1656 1123 1917 1216 insuper
1982 1134 2224 1198 traiicit
2244 1134 2283 1198 ².
2378 1135 2630 1199 Mortuo

271 1241 481 1325 igitur
525 1242 811 1324 Huperto
880 1240 1086 1322 prima
1143 1240 1211 1303 in
1257 1240 1490 1322 populo
1537 1239 1657 1304 Dei
1717 1240 1977 1305 victima
2021 1242 2224 1306 totam
2269 1240 2361 1304 ibi
2407 1241 2630 1305 multi-

271 1348 568 1411 tudinem
638 1347 956 1426 admonet,
1029 1365 1105 1410 ne
1153 1345 1295 1429 quis
1351 1364 1569 1410 eorum
1636 1347 1834 1410 simili
1880 1365 1945 1411 se
1990 1346 2233 1429 flagitio
2280 1348 2346 1411 et
2390 1347 2630 1411 enormi

270 1454 530 1535 peccato
577 1451 979 1517 contaminet.
1076 1450 1244 1515 Hinc
1289 1450 1358 1514 in
1406 1451 1658 1516 laudem
1702 1452 1818 1516 Dei
1869 1452 2196 1516 decantato
2247 1452 2482 1535 hymno
2530 1453 2629 1516 di-

269 1557 672 1641 grediuntur.
766 1556 1150 1640 Tylbechius
1221 1558 1433 1621 autem
1496 1559 1560 1622 et
1620 1557 2003 1639 RedekeruS,
2076 1558 2188 1642 qui
2254 1559 2628 1624 Ruesscheri

268 1664 701 1746 patrocinium
732 1663 1179 1745 moliebantur,
1223 1664 1495 1746 gratiam
1525 1682 1562 1727 a
1592 1664 1919 1746 propheta,
1957 1684 2104 1729 cum
2136 1684 2419 1747 proceres
2451 1665 2628 1730 urbis

268 1770 484 1834 habiti
531 1772 698 1851 sunt,
746 1769 934 1834 facile
979 1769 1324 1852 impetrant
1367 1770 1632 1852 ideoque
1680 1789 1923 1834 carcere
1967 1771 2322 1835 liberantur
2339 1774 2380 1835 ⁸.

490 1877 657 1941 Haec
704 1877 817 1940 ubi
863 1875 1137 1940 feliciter
1181 1875 1514 1941 cessissent
1544 1878 1609 1940 et
1641 1876 1933 1940 omnibus
1981 1879 2239 1941 cruento
2287 1877 2408 1942 isto
2452 1896 2627 1961 spec-

267 1982 485 2047 taculo
529 1984 731 2047 terror
775 1982 1067 2047 incussus
1114 1982 1357 2062 fuisset,
1407 1982 1575 2046 idem
1620 1981 1734 2046 ille
1778 1982 2161 2047 Matthisson
2206 1983 2428 2049 mortis
2475 2003 2626 2067 sup-

268 2089 469 2172 plicio
515 2088 835 2171 proposito
882 2088 1175 2153 omnibus
1235 2088 1567 2172 utriusque
1613 2108 1795 2153 sexus
1855 2088 2221 2154 hominibus
2269 2108 2381 2173 per
2424 2091 2625 2155 totam

267 2195 498 2258 urbem
545 2194 934 2258 severissime
980 2194 1194 2274 edicit,
1241 2195 1316 2257 ut
1352 2213 1577 2259 aurum
1621 2196 2077 2277 argentumque
2124 2197 2256 2260 tam
2303 2196 2625 2280 signatum

270 2317 464 2383 quam
509 2319 633 2365 non
695 2300 1017 2382 signatum
1064 2302 1127 2364 et
1175 2300 1386 2365 omnia
1451 2300 1791 2365 muliebria
1858 2306 2224 2367 ornamenta
2268 2303 2337 2367 in
2382 2303 2624 2368 curiam

266 2392 700 2489 graph'iariam
731 2406 1031 2487 deferant,
1067 2426 1215 2471 cum
1245 2406 1412 2471 inter
1440 2425 1619 2471 veros
1653 2405 2029 2471 christianos
2063 2407 2280 2472 nullus
2322 2410 2622 2491 pecuniae

265 2530 426 2577 usus
458 2531 591 2578 esse
635 2512 859 2578 debeat
874 2514 920 2579 ⁴.
984 2513 1277 2597 Plerique
1308 2513 1581 2597 Huperti
1628 2511 1908 2595 exemplo
1953 2513 2166 2578 territi
2197 2516 2466 2580 mortem
2498 2514 2622 2580 sibi

489 2794 531 2863 ¹)
566 2794 671 2849 Die
707 2794 1099 2869 Einmischung
1133 2794 1397 2849 Johann’s
1433 2812 1482 2849 v.
1520 2795 1725 2850 Leidcn
1780 2797 1856 2850 ist
1892 2800 2043 2849 sonst
2078 2811 2182 2849 nur
2217 2796 2356 2850 noch
2409 2814 2514 2850 von
2550 2797 2620 2852 H.

267 2882 624 2938 Gresbeck
679 2884 732 2939 S.
770 2886 840 2937 28
878 2883 1209 2938 iiberliefert.
1288 2884 1402 2951 „Do
1439 2884 1539 2938 hat
1593 2884 1773 2938 Johan
1810 2902 1857 2938 v.
1899 2885 2101 2938 Leiden
2159 2901 2478 2955 genommen
2532 2886 2620 2939 ein

262 2971 539 3027 hellebart
573 2972 684 3026 und
708 2972 864 3026 stach
889 2972 1181 3027 denselben
1206 2973 1405 3043 burger
1441 2977 1545 3027 twe
1571 2973 1702 3026 mail
1740 2990 1812 3042 up
1840 2972 1936 3027 dat
1972 2972 2076 3027 lies
2106 2972 2217 3026 und
2245 2973 2419 3027 konde
2444 2974 2622 3028 seiner

263 3061 424 3115 nicht
459 3061 590 3115 doer
624 3062 892 3116 stecken.“

486 3148 532 3218 ⁹)
569 3149 752 3220 Vergl.
793 3150 881 3204 die
934 3149 1188 3203 ahnliche
1225 3149 1586 3220 Schilderung
1639 3151 1729 3204 bei
1766 3150 1836 3205 H.
1873 3151 2083 3219 Dorp‚
2136 3149 2276 3203 nach
2315 3148 2436 3202 dem
2474 3148 2619 3218 aber,

266 3240 465 3293 ebenso
492 3238 594 3291 wie
618 3239 758 3292 nach
795 3239 864 3293 H.
893 3239 1252 3304 Gresbeck,
1291 3239 1378 3292 die
1402 3238 1789 3309 Verwundung
1824 3238 1966 3292 noch
1990 3238 2144 3292 nicht
2168 3237 2347 3308 gleich
2384 3236 2619 3291 todtlich

262 3344 394 3381 war.
449 3326 668 3380 Lebend
703 3327 884 3380 wurde
921 3327 1017 3381 der
1052 3327 1304 3382 Schmicd
1341 3329 1715 3398 fortgetragen
1741 3326 1853 3381 und
1891 3328 2040 3381 starb
2079 3330 2190 3381 erst
2226 3326 2364 3380 nach
2403 3327 2618 3396 einigen

263 3415 473 3485 Tagen.
511 3415 680 3469 Beide
705 3416 872 3485 fiigen
907 3416 1088 3484 hinzu,
1127 3433 1183 3470 es
1208 3418 1286 3470 sei
1323 3416 1436 3470 ihm
1473 3408 1789 3486 prophezeit
1812 3415 2042 3485 worden,
2081 3433 2140 3469 er
2163 3415 2298 3469 solle
2324 3432 2413 3469 am
2436 3415 2619 3469 Leben

261 3502 502 3559 bleiben.
564 3502 652 3572 Ja,
688 3503 755 3558 H.
794 3504 844 3556 D
862 3521 977 3574 orp
1014 3504 1200 3574 bringt
1237 3521 1398 3575 sogar
1432 3505 1536 3558 mit
1572 3504 1696 3557 dem
1734 3503 2130 3573 Fehlschlagen
2168 3504 2342 3557 dieser
2378 3503 2617 3573 Prophe—

263 3593 464 3661 zeiung
520 3591 623 3646 den
660 3591 973 3646 Entschluss
1027 3593 1136 3647 Jan
1173 3592 1434 3663 Matthys’
1473 3594 1531 3646 in
1571 3592 1952 3663 Verbindung,
2011 3592 2127 3646 sich
2164 3593 2221 3645 in
2275 3592 2380 3645 den
2415 3592 2624 3662 Kampf

260 3681 371 3734 mit
424 3679 528 3734 den
577 3680 973 3735 Bischoflichen
1032 3698 1097 3734 zu
1147 3698 1353 3751 wagen.
1438 3682 1499 3736 L.
1537 3680 1969 3735 Hortensius
2024 3680 2124 3734 hat
2172 3697 2275 3734 nur
2323 3681 2409 3734 die
2453 3681 2617 3735 kurze

259 3768 457 3823 Notiz:
501 3769 658 3838 „palo
697 3769 915 3839 alligati
942 3774 1107 3840 caput
1142 3772 1257 3841 ipse
1286 3771 1380 3838 (sc.
1405 3769 1678 3839 Matthys)
1717 3773 1987 3824 tormento
2023 3771 2306 3823 manuario
2344 3771 2611 3824 traiecit.“

261 3856 450 3926 Vergl.
489 3857 629 3912 auch
664 3858 729 3913 A.
768 3858 1149 3914 Corvinus:
1188 3859 1326 3913 Acta
1364 3863 1467 3914 etc.
1505 3858 1749 3913 Β1.Α3ν
1785 3858 1897 3912 und
1934 3858 2215 3913 desselben
2252 3858 2408 3912 Brief
2440 3875 2509 3911 an
2549 3858 2614 3914 G.

261 3946 516 4017 Spalatin
565 3946 654 4001 Bl.
690 3946 835 4000 A4v.

477 4033 522 4099 ⁸)
558 4034 663 4089 Die
698 4034 802 4089 Art
837 4035 948 4089 und
986 4036 1180 4105 Weise,
1235 4037 1334 4090 wie
1389 4035 1492 4090 den
1532 4035 1886 4105 Gefangenen
1944 4034 2133 4089 Gnade
2171 4051 2237 4088 zu
2274 4034 2394 4089 Teil
2450 4034 2613 4103 ward,

261 4122 528 4178 schildert
563 4123 901 4178 ausfiihrlich
937 4124 1005 4179 H.
1045 4124 1396 4179 Gresbeck
1434 4125 1488 4180 S.
1527 4126 1611 4178 30.

477 4212 523 4281 ⁴)
560 4211 742 4281 Vergl.
783 4212 921 4266 dazu
960 4213 1096 4266 oben
1134 4213 1187 4267 S.
1226 4212 1329 4266 557
1345 4213 1384 4266 f.
1445 4213 1632 4268 Xerse.
1668 4214 1951 4268 verbindet
1987 4213 2106 4267 hier
2143 4212 2248 4267 den
2281 4211 2508 4266 Bericht
2542 4211 2612 4268 Η.

257 4298 502 4369 Dorp’s
538 4298 624 4354 Bl.
651 4300 695 4353 E
717 4304 773 4353 lv
809 4302 913 4354 mit
938 4301 1060 4355 dem
1095 4302 1152 4355 in
1179 4301 1274 4355 der
1302 4301 1649 4371 „Ordnung.“
1708 4302 1774 4355 In
1812 4301 2068 4357 letzterer
2102 4302 2271 4356 heisst
2295 4318 2376 4355 es:
2420 4301 2613 4368 „Dann

256 4388 342 4442 ire
378 4387 572 4442 articel
608 4388 836 4442 klerlich
873 4406 1227 4459 aussweysen,
1266 4390 1363 4444 das
1400 4391 1526 4444 kein
1558 4390 1678 4461 gelt
1713 4391 1884 4445 under
1921 4390 2024 4445 den
2051 4391 2301 4445 Christen
2339 4390 2615 4460 ganckbar

2404 4482 2484 4542 12
