3259 5075
685 285 820 353 512
1546 287 1729 354 Anno
1784 291 1950 354 1534
1994 291 2152 354 acta.

686 462 824 543 Quo
856 482 1001 528 cum
1033 465 1482 549 convenissent,
1529 465 1623 531 ibi
1668 465 1974 549 propheta
2018 468 2190 532 stans
2231 468 2349 532 sub
2381 465 2586 532 aeneis
2632 466 3022 532 candelabris

683 570 755 635 in
784 569 993 635 media
1022 570 1204 635 domo
1236 591 1273 636 a
1300 573 1478 636 trabe
1524 563 2040 655 dependentibuS,
2092 573 2322 655 quibus
2367 575 2496 638 tres
2529 571 2691 638 cerei
2735 572 3022 637 ardentes

686 676 1160 760 superimpositi
1192 676 1466 760 fuerunt,
1515 678 1962 743 circumfusam
1991 678 2060 743 in
2090 680 2304 744 orbem
2334 679 2811 744 multitudinem
2844 678 3024 744 docet

685 785 749 848 et
793 783 1143 847 multorum
1188 783 1737 849 circumstantium
1767 786 1966 850 tectos
2011 785 2187 868 ignes
2232 785 2597 869 prophetico
2643 803 2756 849 suo
2789 785 3022 868 spiritu

685 889 993 954 exuscitat
1036 893 1100 954 et
1144 888 1530 955 inardescere
1575 890 1742 956 fecit.
1821 890 1975 956 Inde
2021 911 2155 975 cap.
2213 897 2265 957 1.
2313 891 2620 956 Geneseos
2669 891 3019 975 subiungit.

683 994 811 1060 Ubi
856 1011 1000 1059 vero
1057 995 1210 1060 haec
1256 997 1445 1061 verba
1502 996 1854 1061 recitasset:
1908 996 2222 1079 „Crescite
2267 999 2331 1061 et
2390 997 2913 1081 multiplicamini
2959 999 3021 1062 et

682 1100 919 1184 replete
952 1104 1184 1166 terram
1204 1105 1287 1184 ¹‚“
1317 1122 1521 1168 cereos
1553 1102 1841 1167 ardentes
1874 1103 2203 1187 extinguit.
2255 1103 2425 1183 Quae
2456 1105 2609 1168 tunc
2639 1123 2750 1186 per
2772 1105 3021 1168 noctem

683 1207 877 1273 istam
942 1207 1184 1291 flagitia
1247 1207 1599 1292 promiscue
1666 1210 1801 1273 sine
1845 1209 2220 1273 verecundia
2263 1211 2328 1273 et
2373 1208 2608 1291 pudore
2677 1209 2807 1273 sint
2851 1229 3020 1273 com·
3067 1261 3074 1268 .

683 1314 904 1396 missa,
972 1314 1279 1397 propheta
1321 1315 1390 1379 in
1436 1315 1582 1379 sinu
1626 1315 1871 1398 puellae
1918 1316 2070 1380 satis
2117 1314 2530 1380 inverecunde
2599 1314 3018 1398 deprehensus

682 1421 1041 1485 declaravit.
1105 1421 1284 1485 Hanc
1314 1440 1447 1485 rem
1492 1421 1748 1504 igneum
1779 1422 2095 1505 baptisma
2138 1422 2561 1505 appellabant.
2621 1422 2836 1505 Neque
2867 1422 3020 1486 haec

681 1528 843 1593 falsa
895 1547 1027 1593 esse
1073 1528 1429 1595 credideris,
1522 1529 1685 1594 Nam
1731 1549 1876 1593 011111
1919 1529 2091 1613 ignei
2156 1529 2557 1612 baptismatis
2625 1529 2861 1612 passim
2906 1547 3021 1611 per

680 1635 906 1699 urbem
952 1635 1132 1699 fieret
1196 1636 1432 1701 mentio
1479 1656 1592 1700 nec
1655 1639 1864 1701 tamen
1909 1636 2269 1719 quisquam,
2318 1636 2473 1720 quid
2520 1638 2707 1717 esset,
2779 1634 3018 1699 intelli-

680 1741 877 1824 geret,
925 1739 1157 1805 mulier
1200 1740 1502 1824 quaedam
1547 1761 1586 1807 a
1613 1742 1956 1826 Weslingo,
2005 1742 2251 1826 hospite
2296 1761 2454 1822 me0‚
2503 1741 2693 1806 unius
2741 1739 3018 1824 siliginis

676 1847 888 1930 precio
955 1845 1123 1911 illud
1187 1847 1548 1930 explorandi
1595 1867 1780 1914 causa
1847 1848 2155 1914 conducta
2199 1851 2311 1914 est.
2407 1849 2576 1929 Quae
2623 1849 2871 1932 cognito
2917 1867 3016 1912 re-

678 1954 1025 2019 tinctorum
1093 1955 1376 2039 symbolo
1446 1955 1739 2038 pylorum
1807 1955 2036 2020 fefellit
2079 1957 2145 2021 et
2188 1956 2349 2021 clam
2396 1976 2461 2021 se
2508 1956 2576 2020 in
2622 1956 2777 2020 istas
2835 1954 3017 2020 aedes

676 2060 944 2145 ingessit
988 2061 1318 2145 omniaque
1365 2061 1527 2126 vidit
1573 2062 1879 2145 nobisque
1924 2062 2221 2127 narravit.

890 2167 1152 2232 Ioannes
1183 2167 1506 2251 WyckiuS,
1557 2168 1853 2251 syndicus
1886 2169 2083 2250 urbis,
2132 2189 2318 2252 quem
2355 2170 2639 2254 plerique
2668 2169 3018 2234 multorum

674 2276 967 2339 motuum
1012 2276 1076 2338 et
1121 2275 1394 2339 urbanae
1453 2274 1856 2357 potissimum
1900 2275 2260 2340 rebellionis
2306 2275 2602 2340 adversus
2664 2276 3015 2359 principem

677 2380 744 2444 et
787 2380 1027 2443 clerum
1093 2380 1411 2444 auctorem
1457 2399 1588 2444 esse
1650 2380 2076 2462 affirmabant,
2148 2400 2430 2463 proceres
2477 2401 2548 2445 ac
2594 2382 3015 2464 opulentiores

676 2484 1030 2564 excessisse,
1095 2484 1382 2550 homines
1428 2504 1572 2551 vero
1618 2485 1786 2552 leves
1834 2489 1899 2552 et
1942 2485 2202 2552 inutiles
2249 2486 2619 2552 successisse
2664 2486 2820 2571 ipsis
2867 2506 3014 2553 con-

676 2590 950 2674 spiciens
996 2590 1072 2655 de
1119 2591 1235 2655 hac
1303 2591 1626 2674 republica
1684 2595 1896 2657 actum
1942 2612 2073 2657 esse
2119 2592 2567 2657 animadvertit
2631 2613 2831 2677 neque
2877 2613 3014 2658 eam

676 2696 994 2762 seditiosis
1026 2698 1307 2763 consiliis
1338 2698 1652 2782 perditam
1696 2700 2002 2782 pristinae
2033 2699 2332 2783 dignitati
2363 2718 2427 2764 se
2457 2698 2787 2764 restituere
2833 2719 3013 2783 posse

674 2804 947 2887 putavit.
1040 2803 1187 2870 Ideo
1247 2824 1313 2871 se
1356 2825 1601 2890 quoque
1671 2805 1973 2872 subduxit
1991 2807 2032 2872 ².
2125 2807 2362 2871 Verum
2429 2824 2574 2871 cum
2641 2806 2931 2871 omnibus
2978 2824 3016 2869 a

673 3035 890 3090 wahntc
927 3036 1254 3090 Fcucrtaufe
1291 3036 1385 3089 des
1421 3037 1530 3091 Jan
1566 3036 1813 3107 Matthys
1851 3036 2042 3107 irgend
2079 3037 2166 3089 ein
2202 3034 2424 3090 Anhalt.
2483 3034 2597 3089 Das
2635 3034 2876 3089 Geriicht
2909 3053 3015 3090 100

674 3123 893 3179 80101100
931 3124 1476 3179 Zusammenkiinfteu
1513 3125 1624 3179 und
1662 3125 1785 3179 dem
1819 3125 2051 3179 Treiben
2086 3125 2244 3178 dabei
2281 3140 2409 3194 mag
2443 3125 2734 3177 vcrbreitot
2770 3141 3012 3193 30110800

673 3215 808 3281 sein,
863 3214 1058 3267 ebenso
1112 3215 1212 3267 wie
1249 3232 1373 3268 man
1428 3232 1531 3268 von
1567 3215 1664 3268 der
1698 3214 2141 3283 Vorabreichung
2193 3231 2296 3268 von
2352 3214 2787 3267 Zaubertranken
2843 3214 3013 3268 durch

672 3302 985 3356 Rothmann
1038 3303 1222 3357 redete
1281 3303 1344 3371 (s.
1382 3305 1520 3357 obcn
1557 3303 1611 3357 S.
1648 3304 1796 3371 484).
1870 3303 2046 3357 801100
2085 3301 2145 3357 G.
2181 3302 2245 3358 A.
2284 3301 2662 3356 Cornelius
2718 3302 2815 3370 (M.
2855 3302 3011 3369 G.-Q.

670 3390 817 3444 Einl.
854 3391 907 3445 S.
946 3390 1040 3457 51)
1079 3391 1285 3445 10110110
1322 3391 1508 3445 scharf
1557 3391 1646 3445 dic
1683 3391 2218 3461 Leichtglaubigkeit
2255 3390 2366 3444 und
2401 3389 2857 3460 Kritiklosigkeit,
2911 3392 3014 3444 mit

671 3478 770 3533 der
805 3479 986 3533 Kerss.
1024 3478 1142 3532 hier
1196 3478 1296 3532 auf
1345 3479 1432 3533 die
1469 3479 1641 3533 blosse
1676 3480 1920 3549 Aussage
1975 3480 2123 3533 einer
2159 3478 2514 3549 gedungencn
2551 3478 2701 3533 alten
2737 3479 2880 3532 Frau
2916 3479 3011 3533 hin

669 3567 776 3622 den
812 3566 1001 3625 Inhalt
1039 3567 1132 3621 des
1171 3566 1467 3622 Geriichtes
1505 3568 1586 3622 als
1626 3568 1909 3622 Wahrheit
1941 3567 2210 3622 hinstellt.

890 3657 930 3723 ¹)
969 3655 1162 3711 GeneS.
1204 3657 1251 3724 1,
1289 3658 1373 3710 28.
1430 3685 1499 3695 —
1556 3656 1600 3727 ²)
1639 3657 1813 3711 Wann
1849 3674 1897 3713 1.
1924 3657 1976 3712 11.
2003 3657 2190 3711 Wieck
2224 3657 2472 3711 Miinstcr
2505 3656 2747 3725 verliesS,
2802 3657 2879 3710 ist
2914 3673 3011 3710 aus

669 3744 777 3800 den
815 3744 1043 3812 Qucllen
1080 3745 1235 3799 nicht
1271 3762 1336 3798 zu
1374 3745 1615 3801 ersehen.
1688 3742 1789 3799 Am
1826 3747 1912 3800 2Ο.
1950 3747 2191 3800 Februar
2238 3746 2368 3799 aber
2401 3745 2594 3799 wusste
2631 3745 2728 3799 der
2762 3744 2872 3799 Rat
2908 3761 3010 3798 von

668 3834 933 3903 Miinster,
989 3834 1108 3888 dass
1145 3836 1260 3888 sein
1298 3834 1568 3904 Syndikus
1606 3834 1874 3905 gesangen
1911 3852 2014 3889 von
2050 3835 2354 3903 Bevergern
2390 3833 2531 3888 nach
2565 3833 2738 3903 Iburg
2791 3833 3013 3903 gefiihrt

665 3923 884 3977 worden
914 3924 1009 3977 sei.
1052 3923 1230 3977 Ueber
1254 3924 1342 3978 1110
1366 3923 1572 3978 letzten
1598 3922 1910 3978 Schicksale
1947 3941 1995 3980 1.
2022 3923 2073 3978 11.
2099 3921 2331 3977 Wieck’s
2368 3922 2491 3976 sind
2515 3939 2618 3975 nur
2641 3922 2804 3977 kurze
2828 3921 3010 3976 Nach-

668 4011 882 4067 richten
922 4011 1187 4067 crhalten.
1258 4011 1416 4067 Nach
1452 4012 1522 4068 H.
1558 4012 1770 4082 Dorp,
1828 4012 1923 4066 der
1959 4013 2088 4067 aber
2124 4011 2212 4066 die
2247 4010 2449 4065 Flucht
2500 4011 2674 4066 falsch
2709 4011 2851 4065 00011
2888 4011 3011 4065 dem

668 4100 756 4157 27.
780 4102 938 4156 Febr.
977 4104 1205 4169 ansetzt,
1243 4102 1317 4155 ist
1343 4119 1401 4155 er
1440 4101 1792 4167 „erbermlich
1827 4118 1920 4155 um
1956 4103 2072 4156 sein
2107 4099 2266 4155 leben
2302 4100 2525 4155 bracht“
2567 4100 2780 4155 worden
2819 4100 2885 4169 (8.
2922 4099 3010 4157 ΒΙ.

667 4189 826 4255 D4v;
864 4188 974 4259 131.
1001 4188 1140 4243 auch
1175 4188 1261 4243 Bl.
1286 4188 1425 4258 El).
1463 4189 1675 4244 Ebenso
1701 4189 1831 4243 kurz
1868 4190 2137 4245 beriehtet
2169 4189 2482 4244 Dietrich
2517 4206 2639 4244 von
2674 4189 3011 4260 Hamburg

665 4277 755 4332 Bl.
791 4277 891 4331 Aa
928 4278 1041 4332 und
1076 4277 1140 4334 A.
1178 4277 1528 4333 Corvinus:
1566 4279 1708 4333 Acta
1744 4282 1847 4335 etc.
1883 4279 1969 4335 Bl.
2006 4278 2153 4334 A4v.
2223 4277 2635 4333 Ausffihrlicher
2669 4279 2791 4333 sind
2826 4279 3008 4335 Kerss.

665 4365 784 4420 und
825 4365 1042 4423 Herm.
1077 4366 1525 4422 Hamelmann
1562 4367 1619 4423 S.
1659 4368 1855 4423 12071'.
1908 4367 2063 4423 Doch
2086 4368 2294 4422 kennen
2317 4368 2417 4422 1111·
2449 4367 2567 4422 ihre
2593 4367 2822 4433 Quellen
2856 4367 3012 4423 nicht
