3259 5075
1164 307 1349 372 Anno
1400 308 1574 374 1534
1616 309 1777 373 acta.
2509 307 2644 375 475

286 483 438 550 dam
465 483 840 568 impostores
871 485 935 549 et
963 483 1248 568 legitime
1279 503 1406 550 non
1434 485 1686 549 vocatos
1718 484 2201 566 concionatores»,
2249 484 2644 550 Ber-nardum

283 591 791 673 Rothmannum,
857 591 1205 656 Henricum
1257 589 1568 672 Rollium,
1635 591 1933 656 Ioannem
1985 590 2407 674 Kloprisium,
2477 591 2641 656 Her-

283 714 596 761 mannum
643 696 1077 781 Strapadium,
1138 697 1500 763 Dionisium
1552 696 1890 780 Vinnium,
1945 696 2359 763 Godefridum
2406 696 2642 762 Strale-

287 802 475 868 nium
520 804 583 867 et
629 822 847 868 eorum
915 803 1223 869 satellites
1293 823 1576 887 sparsam
1623 806 1688 869 et
1730 803 1800 868 in
1846 804 2104 869 civitate
2162 806 2379 869 nostra
2421 805 2645 869 Mona-

291 907 585 973 steriensi
629 928 775 974 cum
822 909 964 975 aliis
1009 910 1233 975 multis
1303 909 1675 994 periculosis
1723 912 1786 975 et
1830 910 1985 974 mali
2030 910 2297 994 exempli
2357 910 2640 976 novatio-

286 1013 481 1079 nibus
550 1015 828 1100 coepisse
893 1016 1258 1100 radicesque
1317 1016 1540 1099 egisse.
1632 1016 1815 1096 Quod
1863 1033 2106 1082 summo
2173 1016 2370 1081 animi
2430 1016 2647 1082 dolore

288 1120 682 1203 accepimu33
734 1122 921 1204 unde,
972 1122 1027 1187 si
1071 1122 1191 1187 hoc
1234 1122 1479 1187 malum
1521 1122 1784 1205 impune
1828 1122 2103 1206 grassari
2145 1121 2639 1206 permiserimu8‚

290 1245 418 1292 non
466 1228 673 1293 solum
717 1228 899 1293 nobis
946 1247 1264 1294 caesareae
1307 1229 1659 1294 maiestatis
1699 1229 1764 1294 et
1807 1228 2005 1294 totius
2051 1228 2304 1312 imperii
2347 1227 2640 1312 indigna-

286 1332 559 1414 tionem,
631 1354 852 1399 verum
920 1335 1111 1399 etiam
1173 1334 1443 1400 dioecesi
1510 1335 1759 1399 nostrae
1805 1335 1869 1399 et
1930 1333 2205 1399 subditis
2272 1335 2642 1417 perpetuam

289 1437 673 1504 discordiam
718 1442 783 1506 et
826 1440 1382 1523 irrecuperabilem
1448 1439 1788 1522 iacturam,
1863 1439 1973 1504 sed
2015 1440 2358 1523 perniciem
2424 1440 2643 1523 potius

290 1544 780 1611 cumulabimus.
875 1547 1113 1632 Itaque,
1177 1550 1254 1613 ut
1299 1546 1543 1612 subditi
1602 1546 1803 1612 nostri
1849 1548 1927 1612 ab
1973 1547 2099 1611 ista
2143 1547 2430 1612 doctrina
2475 1547 2640 1613 sedi-

289 1649 531 1716 tionem
577 1652 857 1735 spirante
888 1652 1321 1719 deterreantur
1351 1656 1416 1719 et
1458 1654 1528 1717 in
1560 1652 1940 1718 christianae
1987 1651 2349 1718 concordiae
2381 1653 2642 1718 amabili

288 1755 546 1822 vinculo
579 1759 1038 1841 contineantur,
1082 1758 1160 1824 ad
1192 1759 1499 1842 consuleS,
1549 1759 1857 1840 senatum,
1906 1758 2194 1824 tribunos
2227 1760 2292 1823 et
2319 1759 2640 1825 mechani-

289 1879 510 1926 corum
556 1864 901 1945 praefectos
934 1865 1216 1930 civitatis
1263 1867 1512 1930 nostrae
1541 1864 2055 1930 Monasteriensis
2102 1865 2349 1948 saepius
2381 1867 2447 1931 et
2480 1866 2640 1932 serio

289 1967 551 2051 quidem
599 1970 972 2054 scripsimus
1016 1970 1419 2037 familiariter
1457 1973 1724 2054 orantes,
1775 1972 1850 2036 ut
1895 1970 2256 2036 seditiosam
2301 1971 2465 2036 hanc
2496 1971 2641 2038 doc·

286 2074 523 2139 trinam
572 2077 638 2141 et
679 2077 1106 2159 perniciosum
1151 2097 1422 2143 errorem
1468 2079 1625 2143 urbe
1670 2078 2010 2161 profligent
2052 2096 2168 2161 neq
2179 2096 2253 2142 ue
2292 2078 2425 2143 ullo
2455 2079 2641 2144 modo

287 2180 464 2246 intra
505 2183 754 2248 moenia
820 2184 1150 2266 patiantur
1215 2184 1667 2249 attestantibus
1736 2184 1957 2249 multis
2021 2183 2295 2266 scriptis,
2388 2185 2449 2249 N
2450 2185 2641 2250 ihilo-

286 2287 503 2352 minus
549 2290 763 2354 tamen
808 2288 929 2353 hoc
975 2289 1343 2354 damnatum
1389 2288 1664 2355 schisma
1706 2289 1902 2354 latius
1948 2290 2232 2374 quotidie
2276 2311 2389 2374 per
2418 2293 2641 2357 urbem

291 2411 538 2475 serpere
570 2396 636 2460 et
679 2395 936 2460 dilatari
981 2396 1419 2479 comperimur.
1486 2396 1576 2460 Ut
1605 2396 1817 2460 autem
1862 2394 2015 2459 huic
2044 2396 2209 2461 malo
2257 2397 2641 2462 salutaribus

290 2499 586 2566 remediis
619 2521 692 2568 ac
723 2502 960 2586 poeniS,
1011 2502 1181 2568 sicut
1208 2502 1563 2587 principem
1594 2501 1789 2584 decet,
1840 2520 2262 2582 occurramus,
2312 2502 2512 2587 igitur
2539 2502 2641 2569 his

290 2606 549 2689 scriptis
595 2608 1142 2674 concionatoribus
1175 2627 1363 2692 supra
1393 2609 1582 2675 dictis
1614 2629 1686 2674 ac
1719 2609 2013 2674 omnibus
2062 2609 2454 2694 singulisque
2486 2611 2643 2676 civi-

293 2712 448 2778 tatis
494 2716 744 2780 nostrae
813 2715 1060 2781 civibus
1107 2735 1179 2780 ac
1223 2715 1467 2797 incoliS,
1538 2715 1650 2799 qui
1695 2715 2162 2782 concionatores
2228 2716 2385 2781 istos
2432 2717 2644 2782 defen-

292 2817 474 2902 dunt,
523 2822 803 2903 tuentur,
853 2823 1206 2906 receptant,
1253 2821 1468 2889 ferunt
1512 2820 1584 2886 ae
1628 2823 1903 2888 tolerant
1948 2821 2279 2888 manifeste
2324 2823 2424 2887 vel
2468 2823 2642 2888 clan-

289 2925 528 3007 culum,
577 2927 783 3010 quive,
830 2947 911 2992 ne
955 2928 1115 2993 tales
1161 2927 1625 2993 concionatores
1692 2930 1951 3011 propter
1993 2927 2389 3012 impietatem
2434 2929 2500 2993 et
2541 2929 2644 2994 in-

290 3031 714 3097 obedientiam
759 3052 795 3096 a
840 3033 1220 3116 magistratu
1284 3032 1839 3116 apprehendantur
1897 3033 2265 3118 meritisque
2310 3034 2642 3118 suppliciis

290 3138 672 3221 afficiantur,
751 3139 1180 3221 intercedunt,
1259 3140 1691 3222 securitatem,
1760 3140 2147 3223 libertatem,
2218 3140 2643 3206 defensionem

288 3244 614 3327 publicam
644 3247 983 3330 tutumque
1015 3247 1433 3311 commeatum
1464 3245 1908 3311 renunciamus
1943 3265 2013 3310 ac
2045 3244 2403 3310 adimimus.
2450 3247 2645 3311 Prae-

290 3350 566 3433 cipimus
612 3351 827 3435 itaque
875 3352 1166 3417 omnibus
1214 3352 1281 3417 et
1326 3351 1595 3436 singulis
1643 3351 1877 3417 nostris
1942 3350 2237 3434 satrapis,
2286 3352 2638 3434 praefectis,

289 3456 630 3540 iudicibus,
702 3457 1016 3523 ministris
1063 3477 1134 3523 ac
1182 3458 1475 3539 subditis,
1523 3459 1600 3522 ut
1644 3457 1774 3523 iam
1821 3456 2021 3522 dictos
2065 3456 2496 3523 inobedientes
2544 3477 2642 3523 re-

289 3563 507 3645 belles,
575 3563 872 3631 factiosos
918 3565 983 3629 et
1028 3563 1357 3629 seditiosos
1403 3582 1552 3629 cum
1598 3563 1892 3629 omnibus
1940 3562 2072 3628 suis
2118 3563 2321 3646 bonis,
2369 3564 2642 3629 ubicun-

290 3689 413 3753 que
458 3669 699 3736 fuerint
728 3673 793 3737 et
829 3669 1212 3754 deprehendi
1255 3670 1520 3753 possint,
1571 3671 1880 3735 arrestent
1910 3669 1976 3733 et
2016 3668 2445 3753 intercipiant,
2499 3690 2640 3754 per·

292 3794 476 3841 sonas
522 3776 677 3842 istas
710 3777 979 3860 capiant,
1030 3777 1244 3861 captas
1290 3776 1698 3860 magistratui
1744 3775 2021 3858 tradant,
2066 3773 2182 3841 *ut
2225 3776 2403 3842 iuxta
2433 3796 2640 3841 caesa-
2667 3787 2764 3860 *μ
2799 3787 2926 3845 419.

288 3900 473 3946 reum
517 3882 794 3948 edietum
839 3901 911 3948 ac
955 3883 1211 3967 imperii
1256 3902 1533 3948 recessus
1580 3881 1888 3966 legitimis
1934 3883 2150 3967 poenis
2197 3881 2638 3965 subiiciantur‚

289 4007 371 4053 ne
401 4007 515 4054 nos
546 3990 870 4073 nostrique
906 3989 1149 4055 subditi
1180 3989 1437 4074 imperii
1467 3989 1969 4074 indignationem
2003 3989 2414 4055 cumulemus.
2470 3989 2642 4053 Haec

292 4094 455 4160 serio
500 4095 924 4180 praecipimus
971 4098 1037 4161 et
1080 4095 1401 4177 volumus,
1449 4096 1527 4160 ut
1567 4096 1775 4162 nostri
1817 4094 2120 4180 praefecti
2164 4096 2230 4160 et
2274 4094 2533 4176 subditi,
2584 4093 2641 4159 si

287 4219 558 4283 poenam
589 4202 654 4266 et
684 4200 1186 4285 indignationem
1216 4200 1453 4266 evitare
1480 4201 1700 4284 velint,
1748 4202 1901 4268 haec
1931 4201 2206 4267 fideliter
2235 4202 2635 4286 exequantur.

287 4305 368 4371 In
426 4306 864 4373 testimonium
922 4310 1171 4374 nostrae
1244 4308 1594 4375 voluntatis
1671 4309 1927 4392 signum
1987 4311 2276 4374 nostrum
2354 4307 2639 4372 subiecto
