3259 5075
1193 295 1377 361 Anno
1429 295 1601 361 1534
1645 297 1803 361 acta.
2538 295 2664 361 591

309 491 629 556 gnamque
675 472 861 537 factis
908 472 1040 538 suis
1087 492 1353 556 poenam
1399 472 1575 538 dedit
1593 475 1634 538 ¹.
1700 473 1825 539 Hic
1855 473 2048 538 etiam
2092 471 2161 536 in
2192 491 2434 537 carcere
2465 472 2669 538 Theo-

313 578 528 642 dorico
575 598 612 642 a
656 579 952 660 Mervelt,
1026 580 1311 661 satrapae
1355 578 1787 662 Woltbecano‚
1863 579 1941 643 ad
2002 599 2134 644 rem
2201 567 2670 663 aliquantulum

312 685 557 749 attento
606 684 936 749 differendi
984 684 1147 749 forte
1196 684 1498 767 supplicii
1544 704 1734 749 causa
1779 684 2094 768 persuasit
2138 685 2209 749 in
2255 684 2415 748 silva
2441 684 2667 764 vicina,

313 808 475 873 quae
521 790 799 855 ferarum
845 790 1068 855 hortus
1116 809 1227 855 seu
1272 790 1473 854 saltus
1521 790 1774 872 dicitur,
1837 791 2163 874 designato
2210 792 2379 855 certo
2425 790 2561 855 loco
2609 791 2673 854 et

313 894 384 959 in
430 896 670 977 casula,
744 915 869 978 qua
913 895 1281 960 Monasterii
1328 895 1395 960 in
1444 896 1610 960 vallo
1681 896 1972 962 excubias
2044 915 2226 980 agere
2290 896 2517 961 solitus
2565 895 2667 977 sit,

313 1001 645 1067 thesauros
693 1002 969 1067 defossos
1017 1019 1168 1066 esse.
1232 1002 1584 1084 Utrumque
1631 1022 1778 1086 ergo
1823 1003 2052 1084 locum,
2100 1002 2288 1066 illum
2334 1003 2480 1067 ante
2524 1020 2671 1084 cap-

311 1109 476 1189 tam,
548 1108 720 1172 hunc
766 1128 910 1173 vero
956 1110 1102 1191 post
1147 1110 1396 1191 captam
1440 1110 1665 1175 urbem
1725 1110 1993 1174 sollicite
2061 1127 2412 1193 magnoque
2459 1108 2671 1173 studio

314 1215 635 1279 scrutatus
684 1216 814 1295 est;
871 1215 977 1279 sed
1026 1215 1325 1299 deceptus
1373 1214 1539 1279 nihil
1583 1217 1833 1298 praeter
1879 1213 2153 1280 *terram
2198 1213 2453 1297 reperit.
2696 1227 2796 1301 *μ
2828 1228 2961 1286 497.

528 1320 778 1385 Interea
845 1320 1147 1404 oppidani
1217 1319 1603 1404 quotidianis
1674 1321 1803 1385 fere
1872 1319 2469 1386 conflictatiunculis
2539 1338 2670 1385 sese

311 1428 602 1490 exercent
668 1425 1004 1511 hostesque
1073 1428 1316 1491 terrent
1335 1428 1360 1466 ²
1418 1429 1482 1492 et
1548 1427 1818 1492 maxime
1893 1430 1991 1492 16.
2048 1426 2208 1491 Maii
2275 1426 2668 1511 inopinatam
2695 1444 2763 1485 16.
2790 1439 2910 1486 Mai.

311 1532 712 1615 eruptionem
757 1532 826 1597 in
857 1535 1061 1598 castra
1089 1532 1370 1597 hostium
1417 1533 1664 1598 faciunt
1707 1552 1779 1597 ac
1811 1552 1936 1598 non
1982 1552 2233 1617 paucos,
2278 1533 2413 1598 sine
2442 1551 2673 1617 magna

311 1640 528 1703 tamen
576 1658 834 1704 suorum
894 1641 1121 1722 strage,
1195 1642 1490 1704 sternunt
1548 1642 1737 1722 atque
1796 1638 2207 1723 Clymnerum
2250 1639 2668 1720 Voerdanum‚

314 1744 587 1809 Arzeum
631 1745 1024 1829 Lythonium
1069 1747 1133 1810 et
1194 1746 1556 1810 Hansonem
1600 1746 2013 1811 Bechemium
2082 1765 2296 1811 secum
2340 1748 2557 1829 captos
2602 1745 2672 1809 in

316 1852 540 1915 urbem
587 1850 940 1932 abducunt,
1012 1851 1122 1935 qui
1169 1850 1475 1934 postridie
1537 1871 1650 1935 per
1693 1851 1910 1916 literas
1955 1851 2023 1915 in
2069 1852 2277 1916 castra
2321 1851 2544 1916 missas
2564 1851 2590 1890 ⁸
2635 1870 2674 1914 a

315 1955 450 2021 suis
499 1957 1036 2022 commilitonibus
1082 1958 1377 2041 poscunt,
1448 1958 1525 2022 ut
1570 1956 1969 2041 colloquendi
2017 1956 2319 2022 facultate
2364 1958 2444 2022 ab
2491 1956 2671 2040 oppi-

318 2060 497 2127 danis
544 2062 885 2145 impetrata
929 2082 1076 2128 cum
1120 2064 1352 2129 Ioanne
1390 2063 1736 2129 Bokelsone
1783 2064 1860 2128 de
1893 2063 2355 2129 commutandis
2403 2062 2669 2147 captivis

312 2170 533 2252 agant3
561 2168 686 2234 sibi
710 2169 970 2234 enimin
994 2170 1118 2235 isto
1144 2170 1461 2253 ergastulo
1482 2169 1728 2235 diutius
1752 2170 2020 2235 detineri
2045 2170 2495 2253 permolestum
2518 2188 2670 2234 esse.

530 2274 691 2340 Cum
735 2275 865 2340 iam
895 2276 1106 2341 omnia
1150 2276 1229 2341 ad
1273 2276 1652 2342 bombardas
1700 2277 1965 2342 maiores
2013 2279 2078 2341 et
2122 2276 2197 2340 ad
2248 2274 2670 2360 oppugnatio-

313 2400 460 2447 nem
504 2381 684 2446 urbis
746 2382 1096 2447 necessaria
1156 2383 1519 2464 comparata
1563 2385 1627 2447 et
1673 2383 1988 2447 instructa
2047 2383 2258 2446 essent
2273 2383 2317 2463 ⁴,
2390 2400 2469 2445 ne
2513 2380 2668 2464 quid

535 2594 577 2662 ¹)
614 2595 683 2648 D.
720 2594 907 2648 Lilie
945 2611 995 2649 a.
1022 2611 1073 2649 a.
1099 2594 1188 2648 0.:
1250 2593 1574 2664 „Desnlvige
1612 2594 1787 2648 wordt
1839 2594 2110 2665 gefangen
2166 2593 2308 2648 unde
2343 2611 2438 2647 vor
2473 2592 2672 2663 Telget

313 2682 596 2751 gesmoket
632 2700 702 2737 an
740 2683 836 2737 der
871 2682 1048 2737 suilen
1084 2683 1228 2736 unde
1264 2683 1606 2737 vorbrandt.“

530 2770 576 2839 ³)
612 2770 738 2842 vgl.
777 2771 917 2825 dazu
954 2772 1092 2826 oben
1130 2772 1183 2826 S.
1223 2772 1387 2827 5541.
1448 2772 1552 2825 Am
1595 2772 1676 2825 18.
1713 2771 1827 2825 Mai
1870 2771 2111 2826 schreibt
2145 2770 2366 2825 Konrad
2402 2770 2572 2825 Hesse
2599 2788 2671 2825 an

315 2858 405 2913 (116
441 2860 581 2914 Bate
618 2859 713 2915 des
750 2860 1098 2931 Landgrafen
1121 2859 1343 2931 Philipp
1380 2861 1440 2914 in
1465 2860 1661 2914 Kassel
1699 2877 1797 2914 aus
1835 2860 1957 2914 dem
1980 2859 2271 2929 Feldlager
2304 2877 2400 2913 vor
2423 2860 2670 2914 Miinster

315 2948 415 3018 (M.
438 2948 596 3013 G.-Q.
622 2947 699 3017 11,
720 2947 880 3017 238):
924 2948 1046 3014 „Sic
1083 2948 1253 3003 fallen
1290 2948 1430 3004 auch
1456 2950 1615 3003 6111611
1640 2948 1787 3018 dagh
1823 2948 1934 3002 und
1960 2947 2067 3001 alle
2092 2953 2222 3017 tage
2257 2948 2315 3002 in
2341 2946 2428 3001 (116
2464 2947 2663 3017 leger.“

531 3035 576 3101 8>
614 3036 762 3107 Orig.
802 3038 895 3091 des
930 3038 1141 3092 Briefes
1179 3037 1273 3091 des
1312 3036 1583 3107 Clymmer
1616 3054 1722 3091 van
1746 3036 2029 3104 wool-den,
2066 3036 2196 3090 Artz
2233 3054 2337 3090 van
2374 3035 2519 3107 Lyth
2556 3032 2669 3091 und

313 3124 467 3178 Hans
492 3142 596 3178 van
621 3125 854 3180 Beckem
878 3143 999 3179 vom
1037 3125 1105 3178 17.
1129 3126 1243 3179 Mai
1282 3143 1354 3180 an
1377 3125 1516 3179 viole
1552 3125 1700 3179 ihrer
1725 3124 2057 3179 namentlich
2085 3124 2446 3195 angefiihrten
2471 3124 2667 3179 Kame-

311 3214 482 3267 raden
519 3215 594 3267 im
617 3213 887 3268 Fahnlein
922 3213 959 3267 J
962 3218 1049 3268 ost
1072 3232 1175 3268 van
1200 3213 1448 3283 Muyen’s
1484 3215 1560 3268 im
1586 3213 1757 3268 St.-A.
1777 3213 1851 3267 M.
1903 3214 2008 3267 Die
2031 3212 2446 3267 Landsknechte
2470 3213 2668 3267 weisen

314 3300 515 3355 darauf
545 3301 658 3369 hin,
714 3318 868 3355 wenn
907 3300 1003 3355 der
1036 3301 1266 3355 Bischof
1315 3301 1404 3355 die
1446 3304 1522 3355 im
1559 3300 1932 3356 Scharmiitzel
1987 3301 2327 3372 gesangenen
2363 3300 2670 3356 Miinsterer

318 3407 419 3457 „an
458 3389 587 3460 syck
623 3389 795 3443 wolde
834 3390 960 3443 doin
997 3389 1198 3444 holden
1251 3390 1395 3444 unde
1430 3390 1588 3444 nicht
1623 3407 1696 3444 na
1732 3390 1929 3461 kryges
1966 3390 2151 3444 rechte
2188 3391 2437 3460 gequitet
2471 3389 2669 3460 volgen

316 3518 328 3530 .
350 3518 362 3531 .
383 3519 395 3531 .
434 3478 622 3546 laiten‚
661 3478 760 3532 dat
795 3478 940 3532 selve
975 3482 1111 3533 wert
1146 3496 1247 3534 uns
1286 3478 1431 3533 allen
1468 3479 1739 3533 wederum
1777 3479 1988 3533 erfaren
2024 3479 2136 3533 und
2173 3478 2367 3549 gelyck
2404 3480 2508 3532 den
2544 3479 2667 3533 bro-

314 3565 494 3634 (161611,
545 3567 673 3621 wefs
713 3583 849 3621 enne
887 3567 1170 3638 geschuth,
1220 3568 1491 3622 wederum
1528 3568 1861 3638 gewarden.“
1941 3567 2031 3622 Sic
2067 3569 2245 3622 bitten
2282 3584 2375 3621 11111
2412 3569 2668 3638 giinstige

313 3654 562 3709 Antwort
597 3655 710 3709 und
746 3655 953 3724 darum,
997 3656 1198 3722 „durch
1234 3657 1433 3711 Daniel
1459 3656 1694 3711 Gossens
1733 3659 1906 3727 gnant
1940 3657 2206 3711 Monneke
2229 3656 2403 3712 Vrent
2432 3674 2537 3710 van
2563 3656 2669 3711 den

311 3743 555 3798 Bussche
581 3743 774 3814 sprakc
800 3748 856 3798 to
881 3744 1099 3813 holden,
1128 3744 1255 3799 eder
1278 3745 1490 3814 anders,
1515 3763 1595 3799 wo
1622 3747 1691 3799 iw
1717 3744 1984 3815 geleveth,
2020 3748 2157 3815 myt
2180 3744 2215 3797 J
2225 3744 2399 3798 ohan
2423 3743 2665 3799 Bokels

314 3848 443 3885 van
480 3832 749 3903 Lcyden
802 3850 922 3887 vor
969 3833 1050 3886 de
1103 3838 1356 3903 por-ten
1392 3832 1729 3887 Jodevelt
1780 3836 1849 3887 to
1898 3832 2447 3903 verstendigen.“

527 3919 574 3988 ⁴)
610 3920 891 3975 Nachdem
928 3922 1024 3975 der
1054 3921 1285 3976 Bischof
1315 3921 1415 3975 auf
1446 3922 1567 3976 dem
1592 3921 1744 3991 Tage
1783 3937 1849 3974 zu
1876 3920 2048 3991 Orsoy
2086 3938 2174 3974 am
2210 3921 2296 3975 26.
2323 3921 2471 3974 Marz
2509 3921 2665 3975 111111-

312 4025 460 4062 661116
495 4008 663 4062 Hnlfe
703 4026 805 4062 von
830 4009 1015 4064 Seiten
1054 4010 1147 4064 des
1173 4010 1499 4064 Kurfiirsten
1524 4027 1626 4063 von
1653 4008 1796 4063 Koln
1833 4009 1946 4062 und
1983 4010 2077 4063 des
2110 4008 2352 4079 Herzogs
2376 4026 2479 4063 von
2505 4008 2666 4064 Cleve

313 4096 560 4151 erhalten
596 4096 752 4151 hatte
794 4097 974 4166 (beide
998 4099 1228 4152 Fiirsten
1266 4098 1488 4153 wollten
1525 4114 1580 4151 11.
1606 4116 1655 4152 a.
1694 4097 1783 4151 ffu-
1820 4098 1978 4151 einen
2002 4098 2194 4151 Monat
2222 4099 2282 4168 je
2322 4099 2448 4151 zwei
2486 4097 2666 4152 Fahn·

311 4183 423 4238 lein
461 4184 708 4240 Knechtc
760 4203 858 4240 vor
891 4186 1140 4241 Miinstcr
1191 4186 1555 4242 unterhalten.
1634 4186 1812 4240 Ueber
1865 4184 1970 4240 den
2006 4186 2371 4256 Umschwung
2426 4186 2522 4240 der
2560 4187 2666 4240 Be-

313 4272 614 4343 ziehungen
668 4273 763 4327 des
798 4274 1050 4328 Bischofs
1105 4291 1172 4328 zu
1209 4275 1314 4328 den
1368 4275 1482 4328 ihm
1530 4274 1933 4328 benachbarten
1971 4274 2207 4328 Fiirsten
2260 4274 2371 4328 und
2408 4276 2542 4329 iiber
2578 4274 2666 4329 die

311 4360 589 4416 Ursachen
626 4360 908 4416 desselben
942 4362 1052 4431 vgl.
1078 4362 1166 4417 die
1204 4363 1341 4417 oben
1379 4363 1433 4417 S.
1454 4364 1557 4417 529
1582 4362 1742 4417 Anm.
1766 4366 1793 4417 1
1834 4364 2218 4433 angegebencn
2241 4362 2667 4434 Ausffihrungcn
