3259 5075
639 323 764 382 712
1495 320 1677 383 Anno
1736 320 1901 383 1534
1948 321 2103 383 acta.

632 515 776 579 ergo
825 496 1022 578 copiis
1070 495 1348 560 nondum
1417 494 1833 561 exauctoratis
1880 493 2145 577 aliisque
2208 494 2517 577 gregariis
2585 492 2902 557 militibus
2950 512 2984 557 e

397 622 466 663 21.
496 618 602 663 oet.
633 604 872 684 septem
917 601 1195 666 castellis
1228 601 1498 684 carptim
1543 600 1764 664 accitis
1807 602 1870 665 et
1916 599 2237 684 equitibus
2282 619 2407 664 non
2454 600 2670 682 paucis
2719 602 2821 664 21.
2859 600 2980 664 Oc-

628 708 830 772 tobris
851 710 874 747 ¹
903 707 973 772 in
1006 708 1372 790 crepusculo
1406 707 1720 771 matutino
1752 706 2056 789 oppidum
2087 705 2383 788 cingitur,
2433 708 2638 770 castra
2667 706 2975 787 locantur,

626 815 939 877 tormenta
969 814 1386 896 advehuntur,
1413 815 1629 879 vineae
1656 815 1950 897 aguntur,
1977 812 2303 876 machinae
2334 812 2595 876 bellicae
2621 812 2977 895 eriguntur,

626 920 895 984 maxime
941 939 1012 984 ex
1041 920 1299 985 adverso
1345 923 1560 1003 portae
1592 920 1951 984 Amisianae
1998 919 2173 983 iuxta
2219 918 2536 1001 publicam
2582 919 2844 983 foricam
2873 918 2980 982 vix

627 1026 959 1091 duodecim
1005 1027 1082 1091 ab
1128 1027 1285 1091 urbe
1343 1027 1664 1109 passibuS,
1736 1025 1967 1110 quibus
2015 1025 2229 1089 valvae
2298 1027 2624 1106 portarum
2688 1025 2978 1089 effractae

625 1132 1064 1213 deiicerentur,
1138 1133 1467 1215 omniaque
1513 1131 1592 1197 ad
1640 1133 1874 1196 iustam
1936 1130 2323 1196 obsidionem
2391 1131 2738 1196 necessaria
2782 1150 2975 1213 appa-

626 1240 864 1303 rantur.
960 1238 1527 1319 Warendorpenses
1572 1257 1719 1302 vero
1765 1236 2006 1302 interea
2064 1257 2177 1320 per
2221 1237 2497 1303 nobilem
2557 1239 2854 1302 Ioannem
2902 1235 2976 1301 de

625 1345 891 1427 Bueren‚
909 1346 1224 1425 baronem,
1253 1346 1316 1409 et
1340 1345 1770 1409 Hermannum
1790 1345 2179 1427 Mengersen,
2209 1343 2638 1408 innocentium
2660 1342 2970 1423 misertOS,

622 1452 697 1515 ut
742 1470 805 1514 se
855 1451 1105 1532 dedant,
1156 1451 1316 1515 serio
1365 1450 1797 1531 admonentur,
1850 1449 2088 1533 alioqui
2132 1450 2441 1529 futurum,
2493 1467 2638 1512 cum
2683 1446 2974 1530 princeps

623 1557 1022 1621 vehementer
1068 1557 1154 1621 sit
1199 1556 1488 1637 offensuS,
1537 1558 1613 1621 ut
1659 1558 1722 1621 et
1769 1576 1981 1621 omnes
2048 1556 2416 1622 occidantur
2461 1557 2524 1619 et
2568 1557 2703 1619 tota
2747 1554 2972 1618 civitas

621 1663 851 1745 praeda
899 1664 983 1727 sit
1028 1663 1343 1727 militibus
1366 1665 1405 1727 ⁹.
1466 1663 1710 1742 Quibus
1742 1665 1951 1727 verbis
1997 1663 2275 1745 adducti,
2327 1662 2593 1726 maxime
2641 1679 2783 1724 cum
2817 1659 2973 1723 viri-

622 1770 741 1834 bus
790 1768 920 1834 suis
967 1769 1327 1834 diffiderent
1391 1788 1589 1852 neque
1638 1789 1701 1833 se
1748 1772 1967 1833 contra
2029 1770 2282 1833 tantum
2329 1768 2548 1831 martis
2597 1767 2974 1848 apparatum

622 1874 928 1957 oppidum
974 1895 1159 1940 suum
1206 1876 1370 1940 tueri
1415 1895 1597 1958 posse
1646 1875 2214 1939 animadverterent
2260 1892 2459 1956 neque
2505 1872 2812 1935 auxilium
2852 1870 2974 1934 ali-

620 1980 786 2044 unde
832 1982 1166 2064 metropoli
1212 1982 1341 2045 iam
1388 1983 1638 2046 obsessa
1684 1982 2024 2064 sperarent,
2077 2002 2147 2045 ea
2186 1981 2540 2045 conditione
2588 1977 2973 2041 deditionem

621 2087 909 2168 offerunt,
962 2107 1035 2150 ne
1085 2107 1149 2151 se
1195 2088 1387 2151 armis
1434 2091 1497 2151 et
1543 2088 1898 2170 privilegiis
1944 2087 2235 2170 princeps
2284 2086 2598 2168 spoliaret.
2667 2083 2765 2147 Ad
2812 2102 2973 2165 quae

619 2193 946 2275 princeps:
1012 2194 1088 2257 Se
1134 2193 1335 2275 magis
1384 2193 1734 2273 clementia,
1785 2213 1974 2276 quam
2019 2194 2244 2257 merito
2294 2192 2596 2274 oppidum
2644 2208 2972 2254 conserva-

618 2299 853 2378 turum,
907 2299 1014 2361 sed
1058 2299 1398 2364 deditionis
1446 2299 1688 2362 nullam
1731 2318 1863 2363 esse
1897 2298 2353 2379 conditionem3
2404 2318 2467 2362 se
2500 2295 2970 2361 clementiorem

618 2403 829 2485 fuisse,
883 2405 936 2467 si
968 2404 1352 2468 deditionem
1383 2405 1696 2484 fecissent,
1745 2406 2113 2487 priusquam
2145 2405 2353 2486 copias
2386 2404 2530 2468 urbi
2564 2402 2965 2479 admovisset,

618 2509 938 2574 machinas
986 2511 1049 2575 et
1095 2512 1409 2576 tormenta
1454 2511 1700 2594 magnis
1750 2512 2109 2594 sumptibus
2172 2509 2558 2590 adduxisset,
2627 2508 2681 2572 si
2728 2527 2852 2572 non
2899 2507 2972 2572 in

618 2616 736 2679 hac
783 2635 993 2680 rerum
1042 2619 1334 2700 angustia
1379 2619 1781 2683 rebellionem
1815 2617 2175 2682 movissent.
2254 2617 2361 2680 Illi
2406 2636 2549 2680 vero
2597 2614 2968 2680 necessitate

618 2721 927 2804 compulsi
975 2743 1038 2786 se
1070 2723 1377 2806 imperata
1422 2725 1697 2788 facturos
1744 2724 2060 2807 recipiunt
2105 2725 2448 2805 urbemque
2481 2721 2739 2804 dedunt,
2788 2721 2965 2804 prin-

578 2829 821 2911 ,cipem
868 2829 1034 2893 circa
1094 2829 1313 2894 horam
1360 2829 1625 2894 *nonam
1695 2830 2253 2895 antemeridianam
2313 2829 2593 2894 eiusdem
2640 2828 2791 2910 diei,
2843 2847 2966 2911 quo

616 2934 916 3016 oppidum
951 2937 1274 3000 obsessum
1304 2939 1415 3016 est,
1467 2956 1611 3000 cum
1645 2938 1816 3000 omni
1864 2956 1974 3001 suo
2006 2937 2292 3019 equitatu
2322 2940 2387 3000 et
2434 2935 2718 3018 peditatu
2765 2936 2964 2998 intro-

615 3041 883 3105 mittunt
901 3042 944 3105 3.
1024 3043 1079 3105 A
1127 3042 1607 3125 depraedatione
1663 3045 1873 3107 tamen
1921 3045 1985 3107 et
2030 3042 2380 3126 direptione
2425 3041 2964 3106 intercedentibus

830 3324 868 3387 ¹)
908 3325 1095 3377 Diescs
1122 3326 1323 3379 Datum
1364 3325 1516 3392 giebt
1553 3324 1692 3378 auch
1731 3324 1827 3378 das
1855 3325 2147 3378 Schreibcn
2174 3326 2267 3378 des
2293 3324 2540 3378 Bischoss
2580 3341 2700 3377 vom
2727 3324 2811 3375 21.
2841 3324 2963 3377 Oct.

610 3430 679 3465 an
718 3411 819 3465 den
858 3411 1179 3466 Erzbischof
1210 3430 1311 3466 von
1338 3412 1479 3465 Koln
1519 3429 1638 3468 aa.
1661 3412 1723 3467 Ο.
1774 3414 1985 3467 Ebenso
2023 3414 2089 3466 D.
2117 3414 2292 3467 Lilie
2331 3431 2380 3466 a.
2403 3432 2450 3467 a.
2474 3413 2537 3466 O.
2594 3413 2706 3466 Der
2740 3410 2970 3465 Bischof

609 3516 719 3552 war
756 3499 926 3553 selbst
965 3517 1223 3570 zugegcn.

827 3587 870 3654 ²)
907 3587 1123 3642 Johann
1162 3606 1210 3643 v,
1248 3588 1460 3641 Bueren
1499 3589 1608 3642 und
1662 3589 1938 3642 Hermann
1976 3607 2023 3642 v.
2061 3590 2380 3659 Mengersen
2432 3588 2555 3642 sind
2591 3587 2731 3642 auch
2768 3588 2856 3641 bei
2893 3588 2963 3643 D.

610 3676 790 3729 Lilie
828 3693 876 3731 a.
897 3693 946 3730 a.
967 3677 1030 3731 Ο.
1070 3677 1393 3746 diejenigen,
1433 3677 1521 3730 dic
1560 3677 1656 3731 der
1681 3677 1843 3730 Stadt
1881 3695 1975 3731 zur
1998 3678 2291 3748 Ergebung
2325 3683 2511 3741 ratem
2555 3676 2779 3743 „anders
2816 3676 2964 3729 wher

611 3766 726 3818 sine
764 3764 1013 3819 furstlike
1051 3765 1259 3835 genade
1296 3765 1393 3818 der
1417 3766 1706 3820 ernstliker
1740 3766 1990 3834 bedacht,
2029 3765 2096 3819 he
2121 3766 2294 3820 wolde
2331 3765 2397 3819 de
2424 3768 2538 3819 stat
2573 3765 2677 3819 den
2703 3765 2958 3820 rutheren

608 3853 751 3907 unde
789 3853 1271 3908 landessknechten
1312 3859 1369 3907 to
1407 3854 1704 3924 plunderen
1744 3855 2058 3924 overgeben,
2116 3855 2341 3907 darover
2377 3871 2434 3908 se
2472 3854 2841 3907 altosamende
2879 3871 2960 3907 er-

609 3941 808 4010 worgel
859 3943 1111 3996 mochten
1150 3944 1411 3997 werden.“
1489 3942 1646 3996 Nach
1686 3942 1826 3998 Joh.
1865 3944 2239 3996 Fabricius
2275 3941 2633 3996 Bolandus
2689 3942 2776 3997 131.
2813 3943 2960 4011 Vm,

610 4029 729 4082 dem
767 4030 980 4084 Herm.
1018 4031 1450 4084 Hamelmann
1509 4031 1563 4085 S.
1608 4032 1744 4083 1254
1794 4030 1957 4100 folgt,
2014 4031 2207 4100 spielte
2264 4030 2437 4098 (Joh.)
2476 4048 2524 4084 v.
2563 4029 2816 4084 Raesseld
2873 4030 2962 4083 die

608 4118 765 4172 Rolle
803 4119 896 4171 des
934 4118 1295 4173 VermittlerS.

823 4207 865 4275 ³)
904 4207 1023 4263 Von
1061 4208 1520 4279 Verhandlungen
1577 4209 1841 4263 zwischen
1880 4207 2001 4262 dem
2036 4208 2290 4262 Bischofe
2328 4208 2438 4261 und
2477 4208 2573 4262 der
2610 4207 2770 4262 Stadt
2829 4207 2963 4260 iiber

607 4294 1000 4366 Bedingungen
1039 4297 1127 4350 bei
1165 4296 1259 4351 der
1296 4297 1613 4367 Uebergabe
1669 4297 1938 4351 berichtet
1983 4313 2087 4350 nur
2122 4296 2304 4351 Kerss.
2377 4297 2482 4350 Die
2518 4296 2728 4366 Biirger
2781 4294 2962 4348 haben

613 4384 759 4450 „sich
796 4386 852 4438 in
889 4401 1052 4438 unser
1087 4384 1265 4454 gnade
1302 4385 1412 4439 und
1450 4385 1704 4454 ungnade
1743 4386 1973 4455 ergeben
2016 4384 2127 4438 und
2165 4384 2252 4438 die
2291 4387 2420 4451 stat,
2477 4383 2617 4437 auch
2654 4384 2742 4438 die
2778 4382 2960 4453 predi·
