3259 5075
1191 313 1375 378 Anno
1428 312 1601 378 1534
1647 314 1808 378 acta.
2534 315 2663 378 471

303 487 683 570 Wyckium,
755 487 1089 570 syndicum
1151 487 1459 570 civitatiS,
1532 488 1951 555 debacchatus
1997 490 2119 571 est,
2192 490 2359 572 quod
2403 489 2459 554 is
2506 491 2669 555 esset

307 593 665 658 multarum
739 593 1124 659 seditionum
1200 613 1535 678 rerumque
1609 613 1917 659 novarum
1984 596 2218 660 auctor.
2313 595 2413 659 Ad
2481 615 2669 679 quem

311 699 562 765 doctor:
644 698 870 782 „Abi,“
921 700 1150 784 inquit,
1205 701 1407 783 „bone
1451 700 1571 783 vir,
1645 700 1901 766 domum
1947 701 2011 765 et
2057 701 2307 766 custodi
2373 704 2663 785 peram!“

309 805 482 870 Hinc
528 806 698 871 inter
732 808 903 891 ipsos
935 806 1269 872 vehemens
1315 806 1710 891 logomachia
1755 806 2034 872 exoritur
2066 808 2131 871 et
2162 807 2344 891 quasi
2390 808 2670 872 anniculi

309 912 500 977 haedi
544 913 670 977 sibi
729 915 956 978 mutuo
1013 913 1345 979 insultant.
1440 912 1562 978 Sed
1608 912 1896 978 consules
1966 912 2157 977 istam
2205 913 2669 978 contentionem

309 1017 752 1100 intercipiunt.
845 1017 1001 1083 Inde
1072 1017 1350 1083 sedatius
1397 1017 1474 1082 de
1521 1017 1700 1082 civili
1745 1017 2026 1083 utilitate
2072 1018 2436 1083 consultant
2482 1020 2670 1102 atque

310 1122 619 1205 quosdam
649 1125 1115 1190 concionatores
1161 1126 1412 1207 praeter
1438 1124 1915 1189 Rothmannum
1959 1125 2163 1207 plebis
2199 1124 2409 1189 favore
2456 1126 2669 1190 tutum

308 1230 814 1312 repugnantibus
861 1230 1051 1295 etiam
1120 1230 1451 1315 quibusvis
1516 1231 1673 1295 urbe
1721 1229 2052 1314 exigendos
2099 1250 2232 1295 esse
2301 1229 2664 1312 decernunt,

308 1337 375 1399 et
421 1336 479 1399 si
523 1336 689 1400 illud
758 1336 1153 1418 successerit,
1223 1335 1700 1401 Rothmannum
1766 1355 2012 1420 quoque
2076 1335 2317 1418 ipsum,
2384 1336 2668 1401 omnium

307 1441 758 1507 seditiosorum
803 1442 1223 1525 coriphaeum‚
1272 1442 1523 1507 facilius
1569 1462 1751 1526 posse
1797 1442 1953 1526 pelli
2000 1442 2380 1508 existimant.

526 1545 1086 1615 *Rothmannistae
1117 1568 1261 1614 vero
1288 1551 1324 1630 ¹,
1360 1550 1580 1631 utpote
1613 1547 1980 1629 CloprisiuS,
2014 1548 2278 1630 Bellias,
2315 1550 2664 1614 Stralenius
2691 1565 2790 1637 *μ
2826 1565 2952 1622 415.

305 1654 500 1735 atque
545 1654 910 1719 Moersanus
933 1655 976 1738 ⁹,
1043 1655 1210 1720 nihil
1254 1653 1383 1720 sibi
1426 1655 1552 1719 tale
1617 1655 1971 1719 metuentes
2018 1654 2137 1720 hoc
2184 1655 2402 1721 sedulo
2470 1658 2671 1740 agunt

303 1759 638 1842 monendo,
696 1760 1025 1841 hortand0‚
1076 1760 1373 1843 rogando,
1437 1759 1891 1842 persuadendo,
1941 1760 2349 1844 obiurgand0‚
2400 1764 2474 1826 ut
2520 1780 2667 1827 suae

304 1864 602 1931 factionis
648 1867 951 1932 satellites
998 1869 1061 1931 et
1104 1868 1422 1931 matronas
1471 1866 1700 1931 divites
1733 1867 2096 1931 dementent
2141 1869 2206 1932 et
2236 1886 2305 1932 eo
2336 1867 2663 1949 inducant,

304 1972 383 2034 ut
428 1971 531 2035 vel
576 1972 786 2037 omnia
830 1972 1107 2037 vendant
1152 1974 1216 2036 et
1264 1972 1550 2055 precium
1596 1972 1663 2036 in
1695 1990 2026 2036 commune
2071 1971 2397 2037 conferant
2439 1973 2540 2037 vel
2586 1974 2666 2038 ad

306 2078 819 2144 concionatorum
851 2078 1027 2143 sedes
1060 2077 1362 2143 deferant.
1421 2078 1753 2142 Neminem
1786 2077 1955 2142 enim
1985 2077 2251 2142 foederis
2284 2080 2349 2143 et
2378 2081 2664 2144 aeternae

306 2181 536 2246 salutis
579 2184 955 2268 participem
1003 2203 1134 2250 esse
1183 2202 1364 2267 posse
1412 2184 1752 2265 affirmant,
1801 2184 1912 2267 qui
1956 2203 2083 2248 non
2131 2185 2248 2249 toti
2295 2185 2533 2251 mundo
2565 2206 2661 2251 re-

306 2289 682 2354 nunciantes
727 2290 939 2373 putris
980 2291 1260 2373 corporis
1308 2292 1677 2356 ornamenta
1721 2290 2026 2355 abiiciant
2054 2290 2157 2355 vel
2201 2291 2270 2354 in
2313 2311 2663 2375 pauperum

305 2392 696 2460 confratrum
725 2398 787 2461 et
820 2397 1344 2462 sustentationem
1392 2398 1904 2461 concionatorum
1933 2398 2206 2480 erogent.
2264 2397 2448 2479 „Vae,
2483 2401 2659 2479 vae‚“

303 2497 624 2583 inquiunt,
679 2502 1099 2584 „Monasterio
1149 2502 1569 2586 superbienti!
1650 2502 1795 2585 Vae,
1845 2521 1957 2568 vae
2001 2502 2202 2586 vobis»,
2254 2503 2367 2588 qui
2413 2522 2660 2588 aurum,

303 2608 666 2689 argentum,
734 2628 1014 2692 gemmas
1061 2611 1127 2674 et
1191 2609 1460 2674 candida
1528 2627 1791 2693 raraque
1859 2608 2087 2692 capitis
2155 2610 2345 2695 pepla
2403 2611 2660 2675 ornatus

304 2711 512 2794 gratia
553 2713 804 2797 geritis!
871 2715 1199 2781 Maledicti
1233 2716 1404 2798 estis,
1452 2714 1566 2799 qui
1610 2714 1816 2798 pluris
1848 2715 2144 2797 corporis,
2194 2734 2382 2800 quam
2415 2716 2660 2781 animae

303 2820 744 2884 ornamentum
789 2819 1026 2886 facitis!
1089 2821 1316 2888 Exuite
1361 2823 1575 2905 itaque
1610 2822 1882 2886 veterem
1927 2819 2247 2885 hominem
2277 2841 2424 2886 cum
2454 2822 2658 2886 omni-

302 2923 424 2987 bus
471 2925 998 3008 concupiscentiis
1035 2928 1166 2993 suis
1199 2931 1264 2994 et
1306 2928 1556 2993 induite
1588 2946 1816 2992 novam
1847 2927 2300 2991 armaturam!“
2357 2927 2477 2991 His
2510 2947 2656 2992 con-

300 3028 590 3094 cionibus
637 3031 826 3096 melle
856 3035 922 3097 et
951 3035 1127 3099 aceto
1173 3032 1657 3115 contemperatis
1704 3032 1998 3096 effectum
2029 3034 2142 3115 est,
2190 3033 2265 3096 ut
2294 3050 2419 3096 non
2452 3032 2656 3098 solum

299 3133 617 3201 inferioris
652 3138 841 3203 sortis
886 3138 1190 3221 homines,
1240 3157 1461 3203 verum
1492 3138 1687 3203 etiam
1732 3137 2159 3203 honoratiores
2193 3157 2655 3204 commoveren-

299 3242 426 3307 tur.
497 3244 663 3308 Nam
708 3243 1056 3311 Christiani
1098 3243 1577 3325 Wordemanni‚
1625 3243 1752 3308 viri
1798 3243 2095 3308 senatorii
2149 3262 2325 3326 uxor,
2374 3264 2411 3309 a
2453 3245 2654 3309 Roth-

297 3366 530 3414 manno
584 3351 683 3414 11.
733 3351 1014 3416 Ianuarii
1082 3350 1467 3433 rebaptizata
1513 3351 1628 3432 est,
1702 3369 1892 3434 quam
1959 3349 2324 3415 redeuntem
2393 3350 2651 3416 domum
2680 3371 2748 3412 11.
2776 3366 2893 3415 Jon.

518 3578 560 3647 ¹)
596 3578 929 3635 Inzwischen
984 3598 1095 3635 war
1146 3598 1236 3635 am
1272 3582 1324 3635 5.
1361 3580 1571 3635 Januar
1625 3579 1795 3634 durch
1850 3579 1938 3634 die
1974 3580 2359 3650 Abgesandten
2414 3582 2508 3636 des
2544 3581 2654 3636 Jan

294 3666 563 3737 Matthys,
601 3667 772 3723 durch
795 3668 1165 3724 Bartelemeus
1191 3669 1565 3724 Boekebinder
1589 3668 1701 3724 und
1726 3668 1944 3724 Willem
1970 3669 2036 3724 de
2063 3668 2263 3739 Cuiper
2297 3668 2386 3724 die
2411 3669 2652 3726 Wieder·

296 3756 452 3811 tauro
487 3757 546 3810 in
581 3757 831 3812 Miinster
869 3758 1182 3828 eingeffihrt
1217 3757 1449 3812 worden.
1522 3758 1627 3812 Die
1664 3758 2030 3813 Predikanten
2078 3758 2270 3813 hatten
2309 3759 2425 3813 sich
2462 3760 2652 3815 taufen

295 3842 477 3899 lassen
514 3844 627 3900 und
663 3846 1027 3901 iibernahmen
1066 3846 1252 3915 selbst,
1307 3845 1576 3900 nachdem
1612 3846 1700 3901 die
1736 3846 2037 3902 Hollander
2069 3847 2273 3902 bereits
2309 3865 2399 3902 8111
2437 3847 2486 3903 7.
2523 3848 2561 3902 J
2562 3866 2648 3903 811.

294 3933 485 3988 weiter
537 3951 776 4005 gezogen
814 3951 1018 4005 waren,
1073 3934 1172 3990 das
1207 3935 1339 3989 Amt
1375 3934 1456 3989 als
1494 3934 1712 3989 Taufer.
1787 3935 1894 3989 Zur
1929 3936 2103 3992 Sache
2140 3955 2183 3992 s.
2220 3937 2310 3992 die
2344 3954 2448 3991 von
2487 3936 2546 3992 C.
2583 3936 2648 3992 A.

298 4019 705 4077 Cornelius:
742 4022 818 4078 M.
844 4023 907 4079 A.
943 4023 1023 4078 H.
1061 4023 1116 4078 S.
1155 4024 1259 4078 232
1298 4023 1661 4095 angefiihrten
1698 4023 1942 4088 Quellen.
2003 4025 2197 4080 Dieser
2233 4025 2651 4081 entscheidende

295 4108 678 4181 Wendepunkt
712 4113 771 4165 in
807 4111 904 4166 der
940 4111 1266 4166 Geschichte
1301 4112 1575 4167 Miinsters
1629 4113 1708 4167 ist
1740 4128 1847 4166 von
1882 4112 2064 4167 Kerss.
2100 4113 2434 4184 vollstandig
2481 4115 2648 4170 unbe—

292 4199 453 4254 riihrt
487 4200 755 4270 3018011011,
792 4200 1045 4271 obgleich
1071 4218 1130 4255 01
1153 4201 1243 4256 die
1277 4200 1819 4272 hauptsachlichsten
1855 4199 1951 4256 der
1986 4202 2392 4272 einschlagigen
2419 4202 2648 4268 Quellen

292 4287 497 4343 kannte
531 4288 645 4343 und
682 4289 762 4344 sie
797 4290 875 4344 im
897 4290 1154 4345 weiteren
1178 4290 1411 4347 Verlauf
1443 4291 1620 4345 seiner
1656 4289 2014 4362 Darstellung
2049 4290 2328 4346 mehr-sach
2363 4295 2649 4347 verwertet

292 4376 409 4432 hat.
481 4377 608 4448 vgl.
647 4377 787 4432 dazu
823 4377 912 4434 die
947 4378 1282 4450 Einleitung.
1321 4409 1389 4419 —
1428 4377 1474 4449 ⁹)
1511 4378 1796 4449 Staprade.
