3259 5075
655 275 788 340 390
1512 271 1696 338 Anno
1749 271 1917 337 1533
1963 272 2120 336 acta.

388 471 460 515 ιο.
483 467 629 515 rear.
660 450 899 516 bruarii
944 469 1200 516 uxorem
1245 448 1440 529 ducit,
1504 447 1610 513 cui
1658 447 1997 531 superstite
2043 446 2234 512 etiam
2294 445 2524 512 marito
2570 444 2989 530 evangelicum

659 555 959 641 spiritum
1004 559 1069 622 et
1111 574 1386 621 amorem
1431 554 1742 620 infudisse
1785 553 2023 619 dicitur
2039 555 2082 619 ¹.

870 663 1024 729 Fuit
1067 664 1278 728 autem
1342 662 1606 727 Ioannes
1653 660 1947 745 Vigerius
1994 659 2294 744 syndicus
2341 658 2649 742 civitatis,
2699 658 2800 724 vir
2842 658 2994 723 mire

656 769 987 852 facundae,
1036 769 1165 854 qui,
1215 788 1361 834 cum
1406 766 1847 833 oblectationis
1894 769 1959 831 et
2003 766 2198 831 animi
2258 765 2578 831 reficiendi
2623 783 2811 830 causa
2855 783 2994 829 cum

657 894 847 942 uxore
894 878 959 941 et
1003 894 1156 959 quos
1203 874 1318 939 illa
1368 872 1610 938 ferebat
1657 875 1826 958 (erat
1870 872 2040 938 enim
2082 872 2316 938 mulier
2360 870 2698 937 admodum
2741 870 2993 954 procax)

657 983 726 1047 in
771 981 1042 1048 fundum
1088 982 1524 1048 suburbanum
1569 981 2011 1067 stagnantibus
2057 981 2258 1067 aquis,
2314 980 2742 1065 fragrantibus
2787 979 3000 1046 herbis

659 1093 725 1154 et
769 1087 1089 1172 pomiferis
1135 1089 1464 1154 arboribus
1511 1088 2024 1154 amoenissimum
2068 1107 2134 1153 se
2179 1087 2366 1171 pedes
2412 1086 2748 1172 recepisset
2791 1088 2857 1151 et
2902 1105 2996 1151 so·

660 1195 775 1260 lito
822 1193 1085 1260 hilarior
1114 1198 1295 1277 esset,
1344 1194 1438 1260 ibi
1484 1196 1643 1260 forte
1689 1214 1763 1261 ex
1792 1195 2118 1280 zelotypia,
2169 1197 2243 1260 ut
2287 1194 2561 1278 suspicio
2592 1195 2742 1274 erat,
2792 1193 3004 1258 subita

659 1301 983 1386 apoplexia
1029 1305 1351 1384 correptus
1399 1302 1681 1367 omnium
1727 1302 1855 1367 fere
1898 1303 2324 1368 membrorum
2367 1301 2613 1367 viribus
2657 1299 3001 1366 destitutus

660 1411 759 1474 est
802 1427 873 1472 ac
920 1407 1275 1473 baiulorum
1320 1426 1509 1492 opera
1552 1408 1621 1473 in
1651 1409 1873 1473 urbem
1919 1408 2128 1475 rediit.
2191 1409 2317 1475 Ubi
2345 1428 2491 1474 vero
2536 1407 2821 1473 membra
2866 1407 3002 1472 effi·

661 1514 915 1580 cacibus
980 1514 1333 1598 pharmacis
1396 1514 1746 1581 refocillata
1792 1520 2113 1598 stuporem
2158 1515 2436 1599 primum
2480 1514 2900 1580 excussissent
2943 1516 3010 1578 et

661 1622 1059 1706 aliquantum
1121 1621 1378 1704 pristini
1425 1621 1660 1706 vigoris
1730 1622 2137 1705 recepissent,
2185 1642 2258 1688 ex
2303 1622 2566 1688 consilio
2612 1621 3006 1706 quorundam

660 1727 1052 1794 medicorum
1096 1728 1372 1794 thermas
1404 1727 1793 1793 Embdenses
1837 1747 1983 1793 cum
2015 1728 2281 1812 coniuge
2326 1728 2504 1793 adiit.
2571 1728 2805 1793 Verum
2850 1745 3008 1792 uxor

662 1832 764 1899 sui
808 1833 1030 1918 magis,
1100 1852 1290 1917 quam
1356 1833 1573 1899 mariti
1632 1853 1850 1899 curam
1907 1834 2165 1917 agebat3
2236 1834 2375 1900 ideo
2437 1833 2732 1899 relictum
2800 1833 3007 1898 solum

662 1940 844 2024 aquis
912 1940 1301 2006 thermarum
1368 1940 1742 2006 suffocatum
1787 1942 2002 2023 postea
2046 1940 2280 2023 reperit
2300 1942 2340 2007 ².
2434 1940 2604 2005 Haec
2648 1940 2863 2025 itaque
2909 1958 3010 2005 re-

794 2224 834 2292 ¹)
871 2222 969 2279 Bei
1005 2222 1149 2278 Joh.
1186 2223 1537 2279 Fabricius
1573 2223 1947 2279 Bolandus:
1985 2224 2167 2279 Motus
2191 2224 2424 2279 Monast.
2460 2223 2544 2279 Bl.
2572 2224 2692 2278 E5v
2728 2223 2898 2278 heifst
2924 2241 3009 2278 es:

983 2312 1140 2380 „Non
1178 2329 1278 2382 ego
1316 2313 1587 2384 flagitium
1629 2312 1824 2384 loquar
1860 2314 2078 2368 exitiale
2114 2314 2380 2368 nefandae

1091 2401 1367 2470 Coniugis,
1406 2402 1511 2471 hei,
1549 2401 1695 2473 quod
1732 2404 1801 2457 ab
1836 2402 1939 2458 hoc
1975 2405 2058 2457 vir
2093 2405 2254 2458 miser
2291 2409 2407 2458 arte
2445 2403 2605 2470 tulit3

986 2489 1245 2561 Coniugis
1282 2497 1401 2546 artc
1439 2490 1573 2547 tulit
1609 2492 1805 2563 Stygia
1842 2492 1946 2547 sibi
1984 2497 2204 2564 propter
2240 2497 2454 2564 opertos

1090 2579 1422 2636 Concubitus
1459 2581 1604 2635 avidi
1643 2583 1843 2636 crimen
1883 2582 2186 2637 adulterii.“

662 2668 791 2741 vgl.
829 2669 968 2723 auch
1004 2668 1212 2724 Herm.
1251 2668 1696 2724 Hamelmann
1746 2670 1799 2725 S.
1846 2671 1996 2727 1200.
2068 2672 2273 2726 Dessen
2314 2672 2504 2739 Quelle
2541 2671 2661 2727 sind
2698 2672 2885 2725 weiter
2923 2669 3016 2725 die

668 2756 1049 2825 „collectanea
1098 2758 1335 2813 locorum
1387 2760 1750 2813 communium
1788 2775 1850 2813 ex
1899 2758 2222 2815 lectionibus
2271 2760 2339 2816 D.
2377 2760 2519 2815 Phil.
2555 2759 3015 2827 Melanchthonis,

665 2849 786 2901 turn
833 2863 895 2901 ex
932 2846 1162 2902 aliorum
1219 2847 1655 2901 doctissimorum
1690 2848 1925 2902 virorum
1979 2848 2335 2904 relationibus
2390 2852 2670 2919 excerpta·‘
2711 2848 2805 2902 des
2857 2847 2894 2902 J
2910 2847 3015 2903 oh.

663 2934 959 2992 Manlius
1016 2936 1363 3005 (Eudissinae
1403 2937 1564 3004 1565)
1603 2935 1660 2991 S.
1696 2940 1803 2991 483
1822 2938 1880 3007 f.,
1935 2937 2024 2993 die
2060 2939 2190 2993 aber
2236 2937 2341 2993 den
2376 2938 2588 2992 Numen
2626 2937 2721 2992 des
2757 2938 3019 3008 vigerius

665 3025 821 3080 nicht
854 3042 1084 3081 nennen.
1156 3026 1295 3081 Dort
1330 3024 1462 3079 wird
1498 3040 1602 3079 nur
1638 3027 1725 3081 ein
1767 3026 1968 3094 „bonus
2005 3026 2180 3097 homo,
2236 3027 2437 3082 ibidem
2489 3027 2625 3094 (scil.
2663 3027 3012 3094 Monasterii)

666 3114 845 3169 scriba
881 3119 1119 3184 senatus,
1156 3115 1335 3185 patria
1370 3113 1664 3184 Lipsensis‚
1704 3116 1888 3170 favens
1926 3115 2236 3187 evangelio“
2278 3116 2588 3186 angcfiihrt.

882 3201 927 3272 ²)
962 3203 999 3258 J
1009 3222 1038 3257 o
1054 3203 1109 3259 h.
1146 3202 1451 3258 Manlius
1505 3221 1555 3259 a.
1583 3220 1631 3258 a.
1660 3205 1723 3258 Ο.
1761 3204 2044 3273 berichtct,
2095 3206 2216 3260 dass
2271 3206 2359 3261 die
2395 3206 2537 3261 Frau
2594 3204 2747 3260 ihren
2805 3204 3020 3260 Gatten

666 3290 926 3362 vergiftet
961 3291 1117 3346 habe.
1172 3292 1243 3346 Es
1278 3290 1447 3346 heisst
1470 3292 1610 3347 dort:
1657 3293 1791 3359 „Hic
1832 3294 1926 3362 (sc.
1954 3295 2130 3349 scriba
2166 3296 2407 3363 senatus)
2450 3295 2687 3349 habebat
2721 3296 3018 3365 coniugem

666 3378 997 3449 mirabilem,
1051 3397 1189 3450 quae
1226 3381 1407 3451 coepit
1458 3382 1698 3437 insanire
1750 3398 1931 3437 amore
1968 3382 2323 3453 Rothmanni,
2379 3387 2706 3455 quapropter
2743 3388 2801 3438 et
2836 3385 3020 3438 virum

666 3484 872 3522 veneno
907 3469 1209 3534 interemit3
1246 3472 1437 3540 postea
1471 3469 1811 3527 Rothmanus
1848 3470 2003 3525 duxit
2040 3488 2158 3525 eam
2197 3513 2211 3527 .
2232 3514 2245 3527 .
2266 3474 2314 3528 ,⁸⁴
2380 3472 2556 3528 Schon
2593 3472 2653 3526 L.
2679 3489 2728 3527 v.
2753 3472 3015 3527 Ranke:

666 3556 943 3613 Deutsche
980 3555 1173 3613 Gesch.
1209 3557 1311 3613 Bd.
1349 3558 1382 3612 3
1417 3558 1573 3613 Buch
1610 3564 1644 3613 6
1680 3559 1820 3631 Kap.
1845 3562 1879 3614 9
1922 3561 2077 3615 weist
2111 3560 2310 3616 darauf
2340 3561 2452 3630 hin,
2490 3562 2609 3615 dass
2645 3563 2704 3616 in
2740 3561 2837 3615 der
2877 3561 3022 3627 „Po-

669 3645 824 3702 stilla
844 3644 1391 3700 Melanchthoniana“
1420 3647 1515 3703 des
1541 3647 1686 3704 Chr.
1707 3648 1827 3703 Pez
1841 3647 2012 3704 elius
2038 3649 2360 3720 (excerpiert
2381 3667 2484 3704 von
2512 3649 2575 3704 G.
2588 3649 2690 3705 Th.
2716 3649 3015 3705 Strobel:

666 3735 791 3793 Von
812 3734 1245 3790 Melanchthon’s
1262 3735 1619 3792 Verdiensten
1641 3754 1733 3792 um
1757 3736 1846 3793 die
1870 3736 1945 3793 hl.
1966 3737 2171 3793 Schrift
2198 3737 2441 3809 [Altdorf
2461 3756 2513 3794 u.
2531 3739 2584 3793 N
2587 3739 2823 3809 iirnberg
2854 3737 3020 3808 1773]

670 3824 726 3879 S.
753 3826 839 3893 93,
876 3823 1209 3895 vollstandig
1242 3824 1508 3896 gedruckt
1530 3828 1605 3880 im
1641 3826 1880 3897 „Corpus
1904 3827 2367 3882 Reformatorum“
2409 3827 2509 3882 Bd.
2535 3828 2604 3881 24
2643 3826 3017 3898 [Braunschw.

674 3911 853 3982 1856J,
890 3930 933 3968 s.
970 3929 1163 3968 unsere
1200 3910 1372 3967 Stelle
1409 3913 1464 3968 S.
1501 3912 1630 3983 410)
1688 3914 1804 3969 sich
1842 3915 1961 3970 eine
2015 3915 2154 3970 noch
2205 3916 2419 3971 hartcre
2456 3916 2683 3971 Version
2731 3917 3018 3972 derselben

670 3998 996 4056 Geschichte
1048 4001 1236 4056 findet.
1309 4001 1620 4057 Rothmann
1674 4003 1808 4057 vird
1844 4002 1968 4058 dort
2004 4000 2271 4074 geradezu
2308 4004 2403 4059 der
2437 4004 2689 4060 Beihiilfe
2744 4023 2831 4059 am
2870 4005 3022 4060 Gist-

668 4088 855 4144 morde
908 4088 1272 4159 beschuldigt.
1344 4090 1448 4145 Die
1492 4090 1678 4146 Worte
1713 4091 1927 4147 lauten:
1971 4133 2017 4159 „.
2039 4132 2052 4146 .
2072 4132 2086 4146 .
2126 4092 2364 4148 habebat
2421 4095 2514 4161 (sc.
2554 4096 2732 4149 scriba
2768 4094 3014 4162 senatus)

670 4177 955 4248 coniugem
990 4177 1311 4248 mirabilem,
1348 4180 1502 4234 cuius
1533 4197 1716 4235 amore
1739 4180 2114 4237 Rothmannus
2140 4184 2320 4254 coepit
2355 4183 2607 4251 insanire,
2646 4188 2702 4238 et
2737 4184 3020 4239 confessus

671 4281 907 4321 amorem
961 4266 1228 4322 adiuvit
1276 4267 1568 4324 consilia
1621 4269 1967 4339 mulieris,
2003 4275 2082 4325 ut
2117 4272 2371 4327 marito
2427 4271 2629 4327 daret
2664 4289 3017 4328 venenum.

673 4354 792 4420 Quo
828 4361 1041 4410 mortuo
1077 4356 1312 4411 Retinan
1348 4374 1468 4413 eam
1505 4357 1708 4412 duxit.“
