3259 5075
668 305 798 370 878
1529 305 1713 372 Anno
1770 308 1935 373 1536
1982 309 2140 373 acta.

664 480 946 546 consiliis
978 482 1043 546 et
1087 480 1363 564 capitulo
1411 482 1873 547 communicato
1919 481 2183 548 consilio
2214 502 2429 548 secum
2459 482 2833 567 deliberent,
2884 486 3039 569 qui-

663 586 784 651 bus
846 586 1274 652 fundamentis
1322 589 1386 652 et
1438 588 1790 653 rationibus
1852 606 1924 653 ea
1984 588 2237 654 decreta
2306 593 2605 655 enervent
2669 610 2743 655 ac
2790 592 3036 657 tollant

664 711 972 777 oneraque
1016 712 1055 758 a
1098 692 1368 758 dioecesi
1415 693 1653 776 optimo
1699 692 1838 759 iure
1883 696 2247 774 amoveant3
2317 694 2493 777 inde,
2542 713 2701 780 quae
2746 695 2817 761 in
2864 700 3033 763 urbe

664 801 1028 882 recuperata
1057 799 1283 883 politia
1314 818 1594 883 quaeque
1639 799 2100 883 propugnaculi
2130 800 2211 864 ad
2244 800 2529 867 futuram
2560 802 3029 885 oppidanorum

668 906 1072 972 rebellionem
1104 906 1508 971 coercendam
1548 906 1752 971 forma
1782 906 2081 989 erigenda
2111 907 2214 989 sit,
2264 906 2606 972 deliberate
2638 909 3027 974 consultent.

879 1012 1013 1076 Hoc
1059 1015 1370 1076 conventu
1410 1012 1718 1076 dissoluto
1765 1011 2076 1095 princeps,
2126 1012 2479 1096 capitulum
2522 1017 2587 1079 et
2630 1034 2703 1079 ex
2748 1015 3029 1080 militari

664 1118 883 1183 ordine
914 1117 1140 1182 delecti
1186 1118 1409 1183 urbem
1442 1117 1900 1183 Monasterium
1946 1118 2216 1202 ingressi
2262 1118 2339 1183 de
2370 1121 2557 1185 rebus
2590 1121 2715 1185 sibi
2760 1122 3027 1204 publice

665 1224 1015 1289 commissis
1062 1224 1337 1289 exactius
1384 1224 1780 1306 consultant3
1830 1226 1894 1290 et
1940 1225 2221 1308 primum
2267 1224 2542 1309 quidem,
2590 1227 2743 1311 quid
2788 1227 3027 1311 legatis

665 1348 776 1395 seu
808 1330 1256 1396 commissariis
1288 1330 1542 1414 imperii
1590 1332 1649 1395 5.
1678 1331 1895 1395 Martii
1916 1335 1935 1370 ¹
1971 1331 2475 1414 respondendum
2506 1332 2608 1414 sit,
2647 1333 3023 1399 decernunt.

666 1436 845 1516 Quod
892 1437 1084 1501 habes
1117 1455 1229 1500 suo
1262 1437 1416 1501 loco.
1484 1435 1652 1500 Hinc
1683 1455 1827 1523 cum
1875 1436 2153 1519 penitius
2186 1438 2639 1520 expendissent,
2674 1458 2748 1503 ex
2779 1441 3025 1523 quibus

629 1601 642 1614 ,
669 1543 874 1608 causis
906 1543 1335 1626 superioribus
1377 1543 1557 1606 annis
1606 1540 1715 1606 *in
1747 1543 2070 1608 civitatem
2102 1543 2657 1611 Monasteriensem
2690 1546 3029 1630 religionis

666 1668 854 1714 causa
899 1651 1132 1730 variae,
1203 1648 1590 1731 multiplices
1639 1652 1704 1713 et
1748 1649 2132 1731 praefractae
2191 1651 2554 1715 novationes
2623 1652 3025 1735 irrepserint,

667 1756 832 1820 unde
877 1755 1389 1839 conspirationes,
1452 1755 1756 1819 factiones
1804 1759 1869 1819 et
1915 1755 2272 1837 schismata,
2322 1757 2577 1822 tandem
2622 1757 3027 1823 detestabilis

666 1866 731 1927 et
775 1862 1082 1927 horrenda
1131 1861 1673 1944 anabaptistarum
1705 1864 1892 1942 secta,
1942 1861 2199 1943 publica
2244 1862 2469 1927 seditio
2503 1865 2567 1928 et
2604 1864 3027 1929 manifestum

664 1969 905 2033 bellum
936 1987 974 2033 a
1003 1968 1295 2033 violentis
1327 1968 1506 2033 urbis
1540 1967 1973 2033 detentoribus
2006 1968 2304 2033 adversus
2350 1968 2698 2052 principem
2734 1973 2798 2034 et
2846 1970 3027 2035 dioe-

665 2075 859 2141 cesim
905 2076 1246 2140 excitatum
1290 2074 1393 2156 sit,
1430 2112 1514 2122 —
1545 2074 1896 2158 principem
1942 2074 2156 2158 itaque
2187 2077 2253 2140 et
2298 2075 2657 2140 obedientes
2706 2076 3024 2158 subditos,

666 2182 742 2244 ut
786 2201 911 2245 non
959 2181 1163 2245 solum
1209 2182 1484 2264 patriam
1549 2201 1728 2246 suam
1775 2201 1810 2245 a
1855 2183 2153 2247 vastitate
2200 2184 2265 2246 et
2309 2183 2474 2246 bona
2518 2201 2632 2247 sua
2676 2201 2714 2245 a
2757 2182 3028 2266 deprae-

667 2286 917 2352 datione
979 2304 1165 2371 seque
1212 2306 1248 2350 a
1293 2287 1645 2352 certissima
1713 2287 1889 2352 clade
1935 2291 1999 2352 et
2043 2286 2233 2352 exitio
2302 2287 2723 2369 vindicarent,
2794 2308 3030 2354 verum

667 2391 979 2469 etiamut
1025 2393 1176 2455 haec
1243 2392 1568 2474 provincia
1613 2394 1678 2457 et
1738 2393 2076 2459 Germania
2144 2393 2651 2478 christianusque
2719 2395 2891 2459 orbis
2944 2396 3027 2460 ab

666 2498 1127 2581 anabaptistica
1156 2499 1544 2584 contagione,
1580 2499 1888 2566 seditione
1920 2501 1983 2566 et
2012 2500 2437 2566 internecione
2468 2500 2804 2566 incolumis
2839 2520 3027 2584 prae-

668 2606 1039 2686 servaretur,
1066 2607 1411 2672 necessario
1445 2608 1523 2671 ad
1547 2627 1722 2672 arma
1752 2608 2124 2691 confugisse,
2154 2608 2495 2674 exercitum
2528 2609 2771 2691 magnis
2798 2628 3027 2692 sump-

667 2710 842 2775 tibus
889 2730 1295 2794 comparasse,
1345 2713 1566 2778 urbem
1613 2713 1938 2778 obsidione
1984 2713 2267 2796 cinxisse,
2326 2714 2590 2779 rebelles
2636 2714 2704 2778 in
2751 2734 2825 2779 ea
2869 2734 3027 2780 con-

667 2815 959 2898 clusisse,
1022 2818 1380 2902 eruptiones
1440 2819 1806 2885 arbitrarias
1855 2819 2293 2902 compressisse
2356 2822 2711 2904 sectamque
2759 2819 3025 2886 horren-

668 2921 841 3002 dam,
908 2942 985 2988 ne
1031 2922 1224 2988 latius
1272 2927 1573 3007 serperet,
1645 2926 2017 3006 coercuisse,
2083 2924 2250 2989 unde
2296 2926 2557 2991 eximiae
2603 2925 3021 3008 calamitates,

669 3030 1105 3112 sanguinariae
1151 3030 1387 3113 caedes,
1436 3031 1748 3096 horrenda
1795 3032 1857 3095 et
1904 3032 2188 3097 inaudita
2233 3032 2478 3117 flagitia
2523 3051 2594 3097 ac
2628 3032 3027 3098 miserandae

666 3136 995 3201 vastitates
1042 3135 1109 3201 in
1141 3137 1296 3201 urbe
1337 3139 1585 3202 secutae
1619 3136 1766 3219 sint,
1818 3137 2048 3221 quibus
2080 3138 2267 3202 rebus
2300 3138 2600 3221 oppidani
2645 3138 3023 3221 principem,

666 3240 1002 3307 dioecesim
1048 3261 1382 3327 omnesque
1437 3243 1726 3309 subditos
1772 3243 1838 3308 in
1885 3243 2436 3328 irrecuperabilem
2480 3244 2789 3309 iacturam
2838 3264 3025 3327 prae-

667 3347 1071 3431 cipitaverint
1115 3351 1304 3433 atque
1351 3350 1764 3431 detruserint‚
1838 3350 2148 3433 praesidio
2196 3353 2433 3432 tamen,
2484 3369 2598 3433 ope
2644 3354 2708 3415 et
2752 3350 3022 3416 consilio

667 3453 1029 3537 principum
1076 3474 1148 3519 ac
1194 3455 1541 3521 amicorum
1610 3456 1871 3521 initium
1940 3457 2285 3522 obsidionis
2333 3459 2397 3521 et
2441 3459 2659 3540 postea
2725 3456 3027 3522 ordiuum

666 3560 920 3644 imperii
966 3561 1199 3625 auxilio
1232 3563 1438 3626 totum
1473 3561 1709 3626 bellum
1741 3581 1813 3628 ac
1845 3562 2233 3628 obsidionem
2279 3563 2616 3647 pertulisse
2646 3582 2841 3647 eoque
2870 3582 3025 3646 pro-

667 3665 937 3749 duxisse,
988 3669 1063 3732 ut
1108 3668 1363 3733 tandem
1407 3668 1741 3733 manifesto
1773 3668 1893 3733 Dei
1939 3670 2240 3734 beneficio
2274 3671 2338 3734 et
2382 3688 2637 3734 munere
2675 3669 2901 3734 civitas
2937 3669 3029 3734 sit

669 3776 1036 3857 recuperata
1080 3793 1153 3838 ac
1198 3775 1266 3839 in
1312 3777 1689 3857 potestatem
1757 3774 2300 3859 obedientiamque
2367 3774 2676 3858 principis
2742 3773 3021 3840 redacta.

668 3879 889 3962 Quare,
939 3881 1014 3944 ut
1055 3878 1210 3945 haec
1242 3881 1465 3946 civitas
1499 3885 1564 3946 et
1607 3881 1888 3946 eiusdem
1935 3882 2295 3947 innocentes
2340 3882 2580 3947 incolae
2624 3881 3029 3964 superiorum

667 3986 1058 4071 flagitiorum
1104 3989 1169 4051 et
1213 3987 1737 4053 exulceratissimi
1782 3989 2128 4072 praesentis
2174 3989 2477 4072 temporis
2512 3988 2754 4052 ratione
2800 3986 3031 4054 habita

667 4113 780 4178 per
825 4094 1096 4178 gratiam
1127 4094 1245 4158 Dei
1276 4096 1341 4159 et
1385 4096 1637 4159 matura
1666 4093 1931 4159 consilia
1978 4094 2241 4177 posthac
2274 4095 2340 4158 in
2371 4094 2533 4159 bona
2580 4093 2823 4176 politia,
2872 4094 3031 4159 obe-

667 4200 907 4265 dientia
952 4201 1403 4284 concordiaque
1450 4202 1768 4285 regantur,
1818 4219 1895 4264 ne
1937 4200 2143 4266 simile
2189 4201 2342 4283 quid
2388 4200 2456 4265 in
2502 4201 2828 4282 posterum
2872 4217 3035 4266 con-

886 4395 927 4459 1)
963 4391 1241 4448 Vielmehr
1276 4409 1366 4447 am
1405 4393 1487 4448 13.
1523 4393 1691 4447 Marz.
