3259 5075
609 319 743 388 516
1467 317 1651 384 Anno
1703 317 1875 384 1534
1918 319 2078 383 acta.

608 498 728 563 bus
766 496 951 562 lectis
996 494 1288 580 protinus
1320 495 1557 560 terrore
1603 492 1913 559 attonitus
1944 495 2009 558 et
2055 491 2448 576 stupefactus
2479 490 2734 557 nullum
2762 510 2968 556 10010-

608 604 867 669 brorum
911 601 1129 666 movit.
1202 600 1356 665 Inde
1400 599 1516 665 nbi
1562 619 1670 665 001·
1713 617 1970 664 excusso
2015 598 2223 681 primo
2268 618 2498 683 pavore
2542 599 2780 664 iterum
2823 599 2967 683 pal-

607 709 811 793 pitare
857 707 1165 791 coepisset
1209 709 1272 771 et
1315 705 1615 771 membris
1684 705 1957 788 pristina
2002 705 2098 769 vis
2145 704 2395 769 reddita
2437 705 2685 784 fuisset,
2753 705 2822 769 in
2867 705 2967 769 la-

608 814 883 878 chrimas
929 832 1264 895 erumpens
1308 812 1606 896 gravibus
1655 809 1947 894 suspiriis
1992 812 2058 875 et
2100 810 2513 894 querimoniis
2560 810 2780 891 vitam,
2829 809 2964 875 elo·

609 920 934 1004 quentiam
978 920 1044 983 et
1088 918 1326 983 fastum
1372 936 1555 982 snum
1604 915 1985 999 deploravit,
2054 915 2342 999 culpavit
2386 918 2454 982 et
2497 916 2822 981 damnavit
2868 935 2964 997 ac,

607 1044 965 1109 quanquam
1030 1024 1377 1108 principem
1421 1022 1785 1105 clerumque
1846 1020 2201 1103 offenderit,
2253 1041 2318 1086 se
2364 1024 2579 1086 tamen
2626 1040 2751 1086 non
2797 1022 2966 1085 clam

607 1130 1047 1213 occidendum,
1117 1129 1225 1196 sed
1271 1128 1528 1213 publico
1600 1126 1840 1193 iudicio
1908 1126 2260 1193 sistendum
2307 1129 2373 1193 et
2416 1126 2966 1193 condemnandum

607 1258 740 1303 esse
786 1237 1150 1320 proclamat.
1211 1235 1387 1316 Quod
1423 1235 1591 1299 enim
1638 1235 1926 1299 senatum
1958 1236 2177 1299 contra
2221 1234 2577 1318 principem
2610 1237 2673 1299 et
2718 1234 2966 1298 clerum

606 1342 998 1424 animaverit,
1047 1342 1209 1426 quod
1260 1338 1748 1407 Smalcaldicum
1793 1339 2010 1404 foedus
2058 1339 2532 1422 suscipiendum
2568 1360 2702 1406 esse
2732 1359 2964 1405 consu-

606 1449 801 1514 luerit
846 1449 1094 1532 aliaque
1125 1448 1330 1513 multa
1370 1446 1656 1526 suaserit,
1705 1444 2133 1529 evangelicam
2176 1445 2538 1511 libertatem
2584 1447 2960 1531 postulasse,

608 1574 798 1639 quam
846 1554 1143 1619 adversus
1190 1553 1531 1618 satanicam
1578 1551 1898 1616 cohortem
1946 1570 2092 1615 cum
2137 1552 2304 1616 vitae
2351 1553 2544 1617 etiam
2591 1553 2964 1618 discrimine

604 1660 1127 1745 propugnandam
1172 1679 1316 1725 cum
1386 1658 1724 1742 syndicatu
1771 1658 2137 1741 susceperit.
2231 1659 2561 1744 Moringus
2610 1679 2960 1724 sermonem

605 1767 1101 1850 interrumpenS,
1170 1786 1250 1831 ne
1295 1766 1364 1830 in
1411 1785 1476 1830 se
1522 1765 1778 1848 culpam
1823 1765 1993 1829 necis
2063 1764 2420 1845 transferat,
2490 1767 2819 1849 precatur;
2894 1784 2962 1829 se

606 1874 778 1938 enim
825 1873 903 1938 ad
949 1873 1231 1938 mandati
1277 1871 1649 1956 episcopalis
1704 1871 2131 1935 executionem
2195 1871 2610 1936 iurisiurandi
2655 1871 2965 1954 religione

606 1980 893 2063 astringi,
929 2000 993 2044 se
1026 1980 1332 2063 principis
1367 1979 1621 2061 scriptis
1657 1977 1917 2061 obsequi
1948 1979 2251 2060 oportere.
2300 1976 2399 2041 Ad
2431 1995 2592 2061 quae
2617 1976 2960 2060 Wyckius:

608 2085 935 2168 Satrapam
960 2086 1088 2150 Deo
1119 2085 1333 2168 potius
1360 2104 1551 2169 quam
1574 2084 1817 2149 homini
1847 2083 2047 2166 impia
2069 2083 2315 2148 iubenti
2347 2084 2958 2166 obtemperaturum3

605 2190 841 2274 cogitet
912 2209 977 2255 se
1022 2191 1331 2254 rationem
1398 2189 1589 2255 huius
1654 2188 1925 2254 furtivae
1978 2191 2043 2253 et
2087 2188 2485 2255 calamitosae
2553 2190 2760 2254 caedis
2808 2208 2962 2255 cum

568 2355 582 2369 ‚
609 2314 722 2360 suo
769 2294 1057 2378 episcopo
1104 2315 1230 2360 non
1274 2294 1542 2377 homini,
1606 2294 1718 2360 sed
1761 2296 1911 2377 Deo,
1975 2295 2143 2360 iusto
2191 2293 2458 2379 *indici,
2533 2296 2956 2362 redditurum.

604 2402 868 2466 Frustra
912 2403 1124 2466 autem
1169 2400 1321 2466 haec
1368 2402 1555 2466 verba
1599 2400 1887 2483 effundit,
1937 2401 2178 2468 frustra
2221 2402 2573 2485 imparatus
2619 2403 2961 2469 verborum

604 2506 1019 2573 multitudine
1062 2509 1314 2591 paratos
1347 2509 1713 2575 remoratur.
1781 2508 1982 2574 Adest
2015 2508 2186 2575 00110
2231 2509 2600 2577 mandatum
2645 2510 2960 2595 principis

605 2632 729 2679 non
776 2615 1007 2678 temere
1048 2614 1348 2698 iubentis,
1396 2615 1573 2680 adest
1617 2614 1893 2681 carnifex
1922 2616 2002 2680 ad
2039 2616 2479 2700 stringendum
2521 2617 2809 2701 gladium
2855 2618 2961 2682 in-

604 2721 911 2802 structus,
983 2720 1163 2785 adest
1207 2721 1535 2803 parochuS,
1585 2721 2006 2787 conscientiae
2053 2722 2258 2788 tristis
2304 2724 2676 2789 consolator.
2769 2723 2959 2789 Solus

601 2825 906 2909 Wyckius
952 2826 1301 2908 imparatus
1345 2826 1743 2910 subterfugia
1788 2827 1957 2892 necis
2005 2828 2336 2911 quaeritat,
2385 2829 2730 2911 parochum
2775 2850 2960 2895 aver-

602 2934 780 2997 satur
823 2935 887 2997 et
933 2932 1306 3013 contemnit,
1378 2933 1505 2998 sibi
1550 2933 1683 2997 vim
1747 2933 1888 2997 fieri
1949 2933 2252 3017 queritur.
2348 2935 2474 3000 Ubi
2533 2954 2679 3001 vero
2740 2936 2960 3019 queri-

598 3038 841 3104 monias
873 3041 937 3103 et
982 3037 1259 3104 lamenta
1312 3039 1474 3103 nihil
1522 3038 1648 3104 sibi
1693 3038 1986 3121 prodesse
2033 3039 2395 3125 nullamque
2441 3061 2616 3124 spem
2649 3041 2959 3106 evadendi

600 3163 922 3227 superesse
968 3145 1160 3226 videt,
1212 3144 1569 3209 necessitati
1615 3144 1966 3227 parendum
2012 3164 2145 3211 esse
2191 3146 2450 3212 iudicat.
2533 3147 2957 3213 Committens

598 3250 811 3334 itaque
856 3251 986 3315 Deo
1033 3251 1308 3315 animam
1354 3253 1562 3334 spreto
1609 3250 1929 3316 sacerdote
1997 3252 2173 3317 flexis
2220 3253 2488 3336 genibus
2533 3253 2958 3337 manibusque

598 3355 990 3438 complicatis
1039 3359 1311 3421 erectam
1357 3355 1664 3421 cervicem
1711 3356 1994 3422 carnifici
2041 3357 2443 3424 incidendam
2489 3360 2762 3441 praebet.
2831 3358 2956 3424 Ca-

597 3461 788 3527 daver
833 3464 1043 3526 autem
1089 3462 1158 3527 in
1203 3462 1369 3527 vallo
1418 3461 1723 3546 sepelitur
1745 3466 1786 3528 ¹.

814 3676 855 3741 ¹)
892 3674 1046 3729 Auch
1083 3674 1172 3730 die
1210 3674 1345 3742 Zeit,
1400 3691 1558 3729 wann
1594 3691 1644 3729 1.
1672 3674 1723 3730 d.
1752 3674 1938 3729 Wieck
1975 3676 2033 3728 in
2069 3675 2374 3730 Fiirstenau
2428 3692 2549 3731 0100
2586 3676 2769 3731 Leben
2805 3677 2956 3747 kam,

594 3762 745 3819 steht
796 3763 952 3818 nicht
992 3763 1117 3819 fest.
1189 3762 1333 3818 Aber
1384 3763 1552 3818 001100
1605 3779 1695 3817 am
1730 3764 1816 3817 21.
1853 3763 2005 3818 Marx
2060 3764 2301 3819 schreibt
2351 3765 2388 3820 J
2391 3764 2479 3821 oh.
2516 3765 2769 3820 Nordeck
2825 3766 2952 3822 dem

593 3852 940 3923 Landgrafen
977 3852 1199 3923 Philipp
1235 3853 1293 3906 in
1331 3853 1507 3907 einem
1542 3851 1769 3906 Bericht
1821 3853 1954 3907 iiber
1991 3852 2139 3907 seine
2177 3852 2439 3924 Sendung
2475 3870 2546 3908 an
2583 3854 2689 3909 den
2724 3854 2964 3910 Bischof

590 3941 766 3996 Franz
808 3941 979 4011 (Orig.
1017 3942 1093 3996 im
1130 3939 1302 3996 St.-A.
1338 3940 1640 4010 marburg),
1679 3956 1739 3994 er
1773 3942 1851 3996 001
1888 3940 2054 3995 heute
2089 3941 2231 3995 nach
2266 3942 2460 3997 Kassel
2499 3942 2950 4014 zuriickgekehrt.

590 4029 689 4084 Dr.
726 4029 956 4084 Wieck’s
1001 4046 1187 4099 wegon
1224 4028 1363 4083 habe
1401 4045 1460 4083 er
1494 4028 1584 4083 die
1617 4029 1869 4083 Antwort
1904 4029 2245 4099 ampsangen‚
2299 4030 2428 4097 ¹,das
2465 4048 2508 4086 0.
2546 4031 2587 4085 f.
2626 4049 2677 4101 g.
2718 4030 2816 4086 das
2853 4032 2952 4087 be·

592 4117 787 4173 0011000
825 4120 1124 4189 anpringen
1162 4118 1269 4188 bey
1305 4119 1524 4188 eigener
1557 4117 1836 4172 botschaft
1858 4117 1992 4173 wolt
2025 4118 2445 4174 beantworten.“
2510 4120 2585 4174 Er
2618 4121 2770 4175 ssthrt
2806 4119 2953 4175 fort:

594 4207 754 4276 „Und
807 4209 957 4278 zeige
995 4224 1041 4262 0.
1078 4206 1118 4261 f.
1157 4223 1209 4276 g.
1250 4206 1564 4261 dabeneben
1600 4222 1690 4275 an,
1745 4205 1842 4261 das
1879 4205 1970 4261 ich
2022 4223 2127 4261 100
2165 4207 2397 4262 10010010
2433 4225 2489 4278 8.
2517 4208 2787 4278 junckern
2841 4225 2952 4263 von

588 4296 798 4351 Bevern
834 4314 894 4351 00
931 4295 1007 4349 111
1042 4295 1370 4363 1011001011,
1425 4295 1543 4349 das
1592 4311 1668 4348 zu
1703 4295 2072 4366 besorgen,
2126 4294 2377 4351 doctor
2414 4296 2645 4352 Wieck
2693 4298 2800 4353 001
2834 4298 2954 4353 nit

589 4383 763 4439 noch
800 4385 889 4439 im
925 4383 1182 4440 labem*
1239 4383 1346 4438 Die
1379 4382 1748 4455 Besffih‘gung
1771 4383 1948 4455 daffir,
1986 4383 2106 4439 dass
2141 4401 2192 4439 1.
2218 4384 2272 4440 d.
2297 4385 2485 4440 Wieck
2520 4384 2795 4454 heimlich,
2832 4386 2952 4441 und
