3259 5075
337 2770 382 2811 6.
411 2765 563 2811 Max-z.

595 229 729 294 554
1458 226 1644 292 Anno
1698 228 1868 292 1534
1913 229 2069 293 acta.

596 405 692 471 ita
737 406 1041 487 exercent,
1091 407 1167 470 ut
1211 405 1279 469 in
1325 404 1821 489 propugnaculis
1865 405 2152 471 tutandis
2190 406 2347 471 viris
2393 406 2551 490 ipsis
2596 427 2723 473 non
2770 405 2946 474 oede-

595 515 767 593 rent;
813 511 1068 577 feminis
1113 511 1183 576 in
1229 511 1564 595 aggeribus
1611 510 1804 576 calcis
1835 513 1901 577 et
1944 512 2105 596 picis
2152 512 2508 597 coquendae
2551 513 2734 579 labor
2772 532 2943 578 com-

594 618 895 701 mittitur,
945 618 1248 702 quaedam
1282 618 1477 683 etiam
1506 638 1580 683 ex
1607 618 1740 683 lino
1773 621 1838 684 et
1882 621 2070 702 stupa
2113 618 2359 685 coronis
2391 620 2698 704 sertisque
2730 622 2942 684 texen—

595 725 693 790 dis
726 726 1131 808 occupantur,
1181 724 1411 807 quibus
1443 724 1740 808 flagranti
1786 724 1917 808 pici
1960 725 2273 791 immersis
2321 726 2533 792 hostes
2577 725 2943 792 scandentes

593 833 864 897 arceant.
958 830 1398 897 clandestinae
1465 829 1851 895 munitiones
1896 831 1962 896 et
2006 831 2252 896 occulta
2296 831 2695 897 defensacula
2738 832 2943 897 admi-

594 938 775 1005 randi
819 937 1062 1022 ingenii
1105 934 1408 1002 beneficio
1455 934 1627 1000 intra
1672 955 1928 1021 aggeres
1976 938 2337 1022 eriguntu13
2404 938 2729 1003 cuniculos
2773 956 2944 1003 mea-

592 1047 820 1129 tusque
868 1045 1306 1110 subterraneos
1373 1043 1707 1108 tormentis
1753 1044 2073 1126 muniunt,
2147 1064 2319 1110 casas
2365 1044 2638 1128 vigilum
2706 1045 2945 1129 passim

593 1153 911 1218 extruunt.
989 1150 1384 1233 Quicumque
1429 1150 1621 1214 etiam
1669 1149 1737 1213 in
1782 1150 2066 1215 hostium
2120 1151 2462 1234 perniciem
2507 1152 2749 1236 aliquid
2795 1151 2944 1218 novi

592 1257 904 1340 excogitat
922 1259 962 1339 ¹,
1011 1276 1138 1322 non
1182 1256 1513 1321 minimam
1558 1256 1909 1321 industriae
1954 1257 2209 1321 laudem
2254 1257 2381 1323 sibi
2426 1259 2765 1342 comparat.
2834 1258 2941 1323 Sic

591 1365 856 1430 Ioannes
902 1364 1188 1429 Uldanus
1256 1364 1438 1428 tanta
1482 1365 1616 1427 arte
1663 1364 1728 1427 et
1771 1362 2090 1428 industria
2156 1363 2325 1429 inter
2369 1368 2581 1448 portas
2629 1364 2942 1431 Servatia-

590 1490 740 1536 nam
786 1473 851 1536 et
893 1469 1357 1553 Ludgerianam
1402 1470 1950 1553 propugnaculum
1981 1469 2189 1554 erigit,
2238 1472 2314 1536 ut
2353 1472 2546 1537 etiam
2592 1473 2659 1536 in
2689 1471 2943 1537 hodier-

591 1596 747 1643 num
793 1576 961 1642 diem
992 1575 1226 1642 Uldani
1273 1576 1605 1641 castellnm
1636 1575 1888 1641 dicatur
1932 1578 2331 1661 auctorisque
2362 1579 2464 1643 sui
2494 1580 2747 1645 nomine
2781 1580 2943 1644 cele-

590 1685 814 1750 bretur
830 1687 870 1749 ².
940 1683 1302 1748 Plurimum
1344 1682 1578 1748 laboris
1610 1683 1679 1747 in
1712 1685 1867 1748 urbe
1913 1683 2087 1749 intus
2120 1686 2185 1749 et
2229 1684 2382 1750 foris
2415 1685 2755 1751 munienda
2798 1703 2944 1750 cen-

589 1790 884 1856 turiatim
914 1790 1285 1872 insumitur3
1327 1788 1590 1873 ideoque
1621 1790 2045 1855 tumultuaria
2074 1810 2260 1874 opera
2288 1793 2441 1857 urbs
2475 1792 2732 1876 quidem
2760 1791 2941 1874 prius

589 1896 840 1961 munita
883 1894 1053 1961 intra
1101 1895 1233 1961 dies
1279 1915 1509 1978 paucos
1556 1896 1989 1961 munitissima
2032 1898 2129 1962 est
2174 1897 2392 1963 effecta
2407 1899 2450 1963 ³.
2514 1897 2679 1963 Ante
2727 1900 2941 1981 portas

591 2004 873 2088 singulas
917 2005 1205 2088 ingentes
1239 2006 1474 2070 terreas
1521 2006 1717 2070 moles
1751 2024 1998 2069 summa
2027 2025 2173 2070 cum
2203 2005 2527 2071 alacritate
2572 2006 2941 2088 congerunt,

590 2111 823 2194 quibus
871 2130 983 2193 pro
1028 2110 1457 2175 fundamentis
1513 2111 1928 2193 sarcophagos
1976 2110 2428 2194 episcoporum,
2477 2111 2940 2191 canonicorum,

589 2216 924 2297 nobilium,
997 2217 1391 2281 sacerdotum
1452 2217 2004 2300 matronarumque
2063 2221 2128 2281 et
2171 2218 2591 2301 levigatorum
2654 2215 2943 2299 lapidum

589 2324 950 2406 pavimenta
981 2341 1014 2386 e
1043 2322 1301 2405 templis
1342 2324 1524 2386 eruta
1568 2321 1921 2386 subiiciunt
1952 2341 2175 2406 easque
2220 2322 2412 2406 lignis
2458 2322 2695 2406 passim
2738 2319 2943 2404 raptis

589 2430 769 2495 nullo
802 2428 1202 2493 dominorum
1233 2428 1598 2493 discrimine
1645 2428 1863 2493 habito
1895 2428 2071 2493 intus
2103 2428 2380 2494 fulciunt
2394 2431 2440 2494 ⁴.
2506 2429 2591 2493 Et
2620 2448 2698 2493 ne
2729 2428 2943 2493 hostes

591 2537 984 2602 arbitrentur
1042 2555 1176 2600 rem
1222 2534 1347 2600 sibi
1392 2554 1524 2600 esse
1570 2554 1718 2600 cum
1763 2534 2135 2601 effeminatis
2183 2538 2297 2601 aut
2338 2555 2567 2619 pavore
2627 2533 2938 2612 attonitiS,

589 2646 838 2710 crebras
873 2643 1265 2708 excursiones
1296 2642 1542 2707 faciunt
1572 2642 1908 2727 parvisque
1940 2644 2197 2726 proeliis
2230 2663 2378 2708 cum
2409 2641 2725 2707 militibus
2759 2659 2945 2722 saepe

593 2750 982 2817 contendunt
998 2752 1042 2816 ⁵.
1136 2750 1298 2815 Nam
1352 2751 1412 2816 6.
1462 2750 1682 2815 Martii
1749 2752 1931 2833 porta
1986 2751 2350 2815 Horsthana
2417 2748 2645 2813 armati
2712 2747 2946 2812 exeunt

806 2982 847 3048 ¹)
883 2981 1003 3036 Von
1029 2980 1248 3035 solchen
1272 2980 1643 3050 Erfindungen
1680 2997 1802 3034 zum
1825 2979 2298 3050 Kriogsgebrauch
2334 2979 2489 3049 giebt
2510 2978 2581 3032 H.
2609 2974 2943 3031 Gresbeck

590 3070 645 3127 S.
683 3070 750 3123 57
771 3068 810 3124 f.
850 3070 1028 3139 einige
1062 3068 1352 3140 Beispiele.

803 3155 847 3226 ²)
883 3157 989 3211 Die
1024 3156 1248 3228 heutige
1283 3156 1708 3228 Engelschanze.
1771 3157 1931 3212 Siehe
1985 3157 2119 3211 iiber
2155 3156 2391 3211 dieselbe
2426 3155 2492 3210 A.
2530 3155 2778 3210 Tibus:
2834 3152 2944 3206 Die

590 3245 754 3301 Stadt
787 3246 1035 3299 Miinster
1071 3245 1124 3300 S.
1165 3246 1281 3299 133.
1354 3245 1481 3316 Vgl.
1521 3244 1662 3299 auch
1700 3246 1838 3299 oben
1874 3244 1928 3299 S.
1968 3246 2052 3299 20.

803 3333 848 3403 ⁸)
885 3334 998 3388 Das
1034 3333 1188 3388 beste
1225 3333 1457 3404 Zeugnis
1495 3333 1672 3402 dafiir,
1726 3334 1826 3387 wie
1865 3334 2016 3387 stark
2052 3333 2222 3388 selbst
2276 3332 2414 3386 nach
2453 3332 2550 3386 der
2598 3331 2798 3402 langen
2834 3331 2943 3384 Be-

589 3420 856 3492 lagerung
891 3421 1004 3475 und
1029 3420 1312 3475 endlichen
1337 3421 1639 3476 Einnahme
1665 3421 1761 3476 der
1785 3421 1950 3476 Stadt
1984 3422 2122 3476 noch
2146 3422 2264 3475 ihre
2287 3420 2718 3491 Befestigungen
2741 3436 2939 3487 waren,

590 3509 745 3578 giebt
780 3510 868 3563 ein
903 3507 1061 3563 Brief
1092 3508 1185 3563 des
1221 3507 1258 3562 J
1260 3510 1502 3568 ustinian
1538 3526 1642 3564 von
1678 3509 2044 3578 Holtzhusen,
2098 3509 2556 3579 Biirgermeisters
2594 3525 2696 3563 von
2732 3508 2939 3564 Frank-

588 3597 706 3651 furt
740 3596 901 3666 a.M.,
939 3596 1035 3650 der
1071 3613 1160 3650 am
1200 3598 1246 3650 1.
1284 3596 1402 3651 Juli
1447 3598 1580 3651 1535
1617 3599 1803 3652 seinen
1840 3598 2039 3653 kurzen
2077 3597 2301 3652 Bericht
2337 3614 2406 3651 an
2443 3596 2548 3651 den
2583 3597 2945 3651 Frankfurtcr

586 3685 698 3740 Rat
732 3686 865 3740 iiber
888 3685 976 3739 die
1000 3685 1317 3757 Eroberung
1340 3686 1612 3741 Miinsters
1652 3688 1755 3740 mit
1777 3687 1882 3741 den
1909 3686 2131 3741 Worten
2169 3685 2437 3741 schliesst:
2482 3685 2585 3753 „Es
2610 3685 2749 3740 solte
2785 3684 2943 3739 nicht

587 3773 841 3843 schaden,
878 3773 976 3828 das
1013 3790 1059 3829 e.
1085 3772 1123 3829 f.
1148 3790 1214 3829 w.
1251 3777 1473 3829 meister
1499 3773 1739 3845 Caspern
1775 3775 1878 3830 den
1917 3775 2248 3829 baumeister
2283 3773 2437 3829 alher
2460 3776 2668 3842 senten,
2706 3773 2802 3827 der
2825 3777 2940 3828 stat

586 3861 937 3933 besentigung
988 3865 1082 3916 tzu
1133 3861 1384 3918 besehen.
1457 3862 1895 3934 Derglichen
1950 3864 2054 3917 nit
2106 3863 2202 3917 vil
2255 3861 2609 3934 gesunden
2665 3860 2941 3916 werden

586 3954 710 4009 mit
745 3949 1054 4007 solicher
1088 3950 1344 4021 weber,
1382 3951 1490 4007 als
1525 3952 1759 4007 diesse
1796 3955 1947 4007 stat
1983 3952 2125 4006 ist“
2169 3951 2265 4020 (M.
2292 3951 2449 4016 G.-Q.
2485 3950 2565 4019 11,
2591 3950 2738 4018 367).
2809 3949 2938 4021 Vgl.

587 4041 728 4096 auch
761 4041 831 4097 Η.
871 4040 1229 4096 Gresbeck
1280 4040 1336 4096 S.
1376 4041 1496 4096 177.

802 4129 847 4198 4)
885 4128 1035 4184 Ganz
1073 4129 1295 4185 ahnlich
1330 4129 1500 4185 helsst
1535 4146 1592 4184 es
1630 4128 1770 4184 auch
1805 4130 1895 4184 bei
1931 4129 2000 4185 D.
2038 4127 2183 4183 Lili
2202 4145 2231 4182 e
2285 4127 2338 4184 S.
2378 4127 2501 4183 228.
2573 4127 2758 4199 Vergl.
2799 4127 2940 4182 auch

584 4214 655 4271 H.
696 4214 1038 4272 Gresbeck
1085 4217 1140 4273 S.
1180 4219 1300 4273 162.

800 4303 846 4375 ⁶)
881 4304 1017 4359 Eine
1052 4305 1359 4378 Datierung
1393 4306 1490 4361 der
1527 4308 1707 4361 ersten
1731 4304 1981 4361 Ausfalle
2017 4305 2114 4360 der
2146 4305 2440 4376 Belagerer
2474 4304 2649 4359 findet
2685 4303 2801 4359 sich
2838 4320 2945 4360 nur
