<?xml version="1.0" encoding="UTF-8"?>
<!DOCTYPE html PUBLIC "-//W3C//DTD XHTML 1.0 Transitional//EN"
    "http://www.w3.org/TR/xhtml1/DTD/xhtml1-transitional.dtd">
<html xmlns="http://www.w3.org/1999/xhtml" xml:lang="en" lang="en">
 <head>
  <title>
</title>
<meta http-equiv="Content-Type" content="text/html;charset=utf-8" />
  <meta name='ocr-system' content='tesseract 3.04.00' />
  <meta name='ocr-capabilities' content='ocr_page ocr_carea ocr_par ocr_line ocrx_word'/>
</head>
<body>
  <div class='ocr_page' id='page_1' title='image "./hermanniakersse00westgoog_0369.png"; bbox 0 0 3259 5075; ppageno 0'>
   <div class='ocr_carea' id='block_1_1' title="bbox 1170 312 2632 377">
    <p class='ocr_par' dir='ltr' id='par_1_1' title="bbox 1170 312 2632 377">
     <span class='ocr_line' id='line_1_1' title="bbox 1170 312 2632 377; baseline 0.001 -2"><span class='ocrx_word' id='word_1_1' title='bbox 1170 312 1348 375; x_wconf 89' lang='lat' dir='ltr'>Anno</span> <span class='ocrx_word' id='word_1_2' title='bbox 1409 313 1568 375; x_wconf 71' lang='lat'>1534</span> <span class='ocrx_word' id='word_1_3' title='bbox 1614 312 1770 377; x_wconf 89' lang='lat' dir='ltr'>acta.</span> <span class='ocrx_word' id='word_1_4' title='bbox 2505 312 2632 376; x_wconf 78' lang='lat'>745</span> 
     </span>
    </p>
   </div>
   <div class='ocr_carea' id='block_1_2' title="bbox 290 485 2635 3661">
    <p class='ocr_par' dir='ltr' id='par_1_2' title="bbox 290 485 2635 2593">
     <span class='ocr_line' id='line_1_2' title="bbox 507 485 2630 572; baseline 0.001 -21"><span class='ocrx_word' id='word_1_5' title='bbox 507 485 667 551; x_wconf 90' lang='lat' dir='ltr'>Cum</span> <span class='ocrx_word' id='word_1_6' title='bbox 712 487 1233 552; x_wconf 87' lang='lat' dir='ltr'>Monasterienses</span> <span class='ocrx_word' id='word_1_7' title='bbox 1280 486 1471 552; x_wconf 89' lang='lat' dir='ltr'>finem</span> <span class='ocrx_word' id='word_1_8' title='bbox 1502 487 1753 551; x_wconf 90' lang='lat' dir='ltr'>dicendi</span> <span class='ocrx_word' id='word_1_9' title='bbox 1798 488 2111 569; x_wconf 82' lang='lat' dir='ltr'><strong>fecissent,</strong></span> <span class='ocrx_word' id='word_1_10' title='bbox 2161 487 2292 552; x_wconf 91' lang='lat' dir='ltr'>illis</span> <span class='ocrx_word' id='word_1_11' title='bbox 2332 488 2630 572; x_wconf 83' lang='lat' dir='ltr'>digressis</span> 
     </span>
     <span class='ocr_line' id='line_1_3' title="bbox 296 592 2632 660; baseline 0.001 -3"><span class='ocrx_word' id='word_1_12' title='bbox 296 613 394 657; x_wconf 90' lang='lat' dir='ltr'>res</span> <span class='ocrx_word' id='word_1_13' title='bbox 441 592 509 657; x_wconf 93' lang='lat' dir='ltr'>in</span> <span class='ocrx_word' id='word_1_14' title='bbox 543 593 1065 658; x_wconf 76' lang='lat' dir='ltr'>consultationem</span> <span class='ocrx_word' id='word_1_15' title='bbox 1111 597 1207 658; x_wconf 91' lang='lat' dir='ltr'>est</span> <span class='ocrx_word' id='word_1_16' title='bbox 1237 594 1460 658; x_wconf 85' lang='lat' dir='ltr'>delata.</span> <span class='ocrx_word' id='word_1_17' title='bbox 1528 594 1609 658; x_wconf 86' lang='lat' dir='ltr'>Et</span> <span class='ocrx_word' id='word_1_18' title='bbox 1655 612 1799 658; x_wconf 92' lang='lat' dir='ltr'>cum</span> <span class='ocrx_word' id='word_1_19' title='bbox 1846 614 1970 659; x_wconf 92' lang='lat' dir='ltr'>non</span> <span class='ocrx_word' id='word_1_20' title='bbox 2018 595 2221 659; x_wconf 89' lang='lat' dir='ltr'>solum</span> <span class='ocrx_word' id='word_1_21' title='bbox 2266 595 2632 660; x_wconf 88' lang='lat' dir='ltr'>confirmato</span> 
     </span>
     <span class='ocr_line' id='line_1_4' title="bbox 296 699 2632 783; baseline 0.001 -21"><span class='ocrx_word' id='word_1_22' title='bbox 296 699 777 764; x_wconf 88' lang='lat' dir='ltr'>Monasteriensi</span> <span class='ocrx_word' id='word_1_23' title='bbox 822 718 893 764; x_wconf 91' lang='lat' dir='ltr'>ac</span> <span class='ocrx_word' id='word_1_24' title='bbox 939 699 1233 780; x_wconf 89' lang='lat' dir='ltr'>dioecesi,</span> <span class='ocrx_word' id='word_1_25' title='bbox 1305 719 1522 764; x_wconf 82' lang='lat' dir='ltr'>verum</span> <span class='ocrx_word' id='word_1_26' title='bbox 1568 700 1759 764; x_wconf 89' lang='lat' dir='ltr'>etiam</span> <span class='ocrx_word' id='word_1_27' title='bbox 1828 700 2265 782; x_wconf 82' lang='lat' dir='ltr'>imperatoriae</span> <span class='ocrx_word' id='word_1_28' title='bbox 2309 718 2380 765; x_wconf 89' lang='lat' dir='ltr'>ac</span> <span class='ocrx_word' id='word_1_29' title='bbox 2425 701 2632 783; x_wconf 84' lang='lat' dir='ltr'>regiae</span> 
     </span>
     <span class='ocr_line' id='line_1_5' title="bbox 292 805 2633 889; baseline 0.001 -20"><span class='ocrx_word' id='word_1_30' title='bbox 292 806 754 887; x_wconf 88' lang='lat' dir='ltr'>maiestatibus,</span> <span class='ocrx_word' id='word_1_31' title='bbox 803 806 1066 889; x_wconf 90' lang='lat' dir='ltr'>imperio</span> <span class='ocrx_word' id='word_1_32' title='bbox 1098 826 1169 871; x_wconf 89' lang='lat' dir='ltr'>ac</span> <span class='ocrx_word' id='word_1_33' title='bbox 1200 806 1606 871; x_wconf 82' lang='lat' dir='ltr'>Germanicae</span> <span class='ocrx_word' id='word_1_34' title='bbox 1654 807 1896 872; x_wconf 88' lang='lat' dir='ltr'>nationi</span> <span class='ocrx_word' id='word_1_35' title='bbox 1929 826 2000 871; x_wconf 92' lang='lat' dir='ltr'>ac</span> <span class='ocrx_word' id='word_1_36' title='bbox 2032 805 2285 871; x_wconf 90' lang='lat' dir='ltr'>tandem</span> <span class='ocrx_word' id='word_1_37' title='bbox 2312 807 2433 871; x_wconf 87' lang='lat' dir='ltr'>toti</span> <span class='ocrx_word' id='word_1_38' title='bbox 2465 807 2633 871; x_wconf 90' lang='lat' dir='ltr'>chri-</span> 
     </span>
     <span class='ocr_line' id='line_1_6' title="bbox 296 911 2633 996; baseline 0 -19"><span class='ocrx_word' id='word_1_39' title='bbox 296 912 500 977; x_wconf 88' lang='lat' dir='ltr'>stiano</span> <span class='ocrx_word' id='word_1_40' title='bbox 549 912 686 977; x_wconf 89' lang='lat' dir='ltr'>orbi</span> <span class='ocrx_word' id='word_1_41' title='bbox 717 913 940 995; x_wconf 87' lang='lat' dir='ltr'>clades,</span> <span class='ocrx_word' id='word_1_42' title='bbox 990 912 1253 978; x_wconf 85' lang='lat' dir='ltr'>exitium</span> <span class='ocrx_word' id='word_1_43' title='bbox 1292 916 1479 996; x_wconf 86' lang='lat' dir='ltr'>atque</span> <span class='ocrx_word' id='word_1_44' title='bbox 1511 912 1747 977; x_wconf 88' lang='lat' dir='ltr'>eversio</span> <span class='ocrx_word' id='word_1_45' title='bbox 1793 932 1865 977; x_wconf 85' lang='lat' dir='ltr'>ex</span> <span class='ocrx_word' id='word_1_46' title='bbox 1908 913 2027 977; x_wconf 88' lang='lat' dir='ltr'>hac</span> <span class='ocrx_word' id='word_1_47' title='bbox 2058 912 2306 976; x_wconf 90' lang='lat' dir='ltr'>sceleris</span> <span class='ocrx_word' id='word_1_48' title='bbox 2352 911 2633 995; x_wconf 90' lang='lat' dir='ltr'>impuni-</span> 
     </span>
     <span class='ocr_line' id='line_1_7' title="bbox 290 1017 2633 1102; baseline 0 -19"><span class='ocrx_word' id='word_1_49' title='bbox 290 1020 443 1100; x_wconf 85' lang='lat' dir='ltr'>tate,</span> <span class='ocrx_word' id='word_1_50' title='bbox 495 1017 704 1084; x_wconf 90' lang='lat' dir='ltr'>sinon</span> <span class='ocrx_word' id='word_1_51' title='bbox 752 1019 1148 1102; x_wconf 87' lang='lat' dir='ltr'>reprimatur,</span> <span class='ocrx_word' id='word_1_52' title='bbox 1199 1018 1285 1085; x_wconf 92' lang='lat' dir='ltr'>sit</span> <span class='ocrx_word' id='word_1_53' title='bbox 1328 1017 1681 1101; x_wconf 87' lang='lat' dir='ltr'>metuenda,</span> <span class='ocrx_word' id='word_1_54' title='bbox 1731 1018 2284 1084; x_wconf 84' lang='lat' dir='ltr'>Monasteriensem</span> <span class='ocrx_word' id='word_1_55' title='bbox 2315 1037 2460 1102; x_wconf 87' lang='lat' dir='ltr'>ergo</span> <span class='ocrx_word' id='word_1_56' title='bbox 2491 1020 2633 1084; x_wconf 90' lang='lat' dir='ltr'>tan-</span> 
     </span>
     <span class='ocr_line' id='line_1_8' title="bbox 292 1124 2633 1209; baseline 0.001 -21"><span class='ocrx_word' id='word_1_57' title='bbox 292 1143 484 1208; x_wconf 86' lang='lat' dir='ltr'>quam</span> <span class='ocrx_word' id='word_1_58' title='bbox 531 1125 785 1209; x_wconf 90' lang='lat' dir='ltr'>imperii</span> <span class='ocrx_word' id='word_1_59' title='bbox 829 1126 1185 1191; x_wconf 88' lang='lat' dir='ltr'>membrum</span> <span class='ocrx_word' id='word_1_60' title='bbox 1215 1127 1279 1190; x_wconf 91' lang='lat' dir='ltr'>et</span> <span class='ocrx_word' id='word_1_61' title='bbox 1313 1124 1585 1209; x_wconf 90' lang='lat' dir='ltr'>reliquos</span> <span class='ocrx_word' id='word_1_62' title='bbox 1634 1125 1932 1190; x_wconf 87' lang='lat' dir='ltr'>dioecesis</span> <span class='ocrx_word' id='word_1_63' title='bbox 1964 1124 2212 1190; x_wconf 83' lang='lat' dir='ltr'>ordines</span> <span class='ocrx_word' id='word_1_64' title='bbox 2244 1124 2419 1190; x_wconf 89' lang='lat' dir='ltr'>nullo</span> <span class='ocrx_word' id='word_1_65' title='bbox 2450 1126 2633 1192; x_wconf 89' lang='lat' dir='ltr'>modo</span> 
     </span>
     <span class='ocr_line' id='line_1_9' title="bbox 295 1231 2631 1314; baseline 0.001 -20"><span class='ocrx_word' id='word_1_66' title='bbox 295 1231 663 1297; x_wconf 88' lang='lat' dir='ltr'>deserendos</span> <span class='ocrx_word' id='word_1_67' title='bbox 708 1233 773 1297; x_wconf 90' lang='lat' dir='ltr'>et</span> <span class='ocrx_word' id='word_1_68' title='bbox 817 1251 943 1297; x_wconf 92' lang='lat' dir='ltr'>non</span> <span class='ocrx_word' id='word_1_69' title='bbox 1011 1232 1220 1297; x_wconf 89' lang='lat' dir='ltr'>minus</span> <span class='ocrx_word' id='word_1_70' title='bbox 1267 1237 1483 1296; x_wconf 88' lang='lat' dir='ltr'>contra</span> <span class='ocrx_word' id='word_1_71' title='bbox 1547 1232 1710 1296; x_wconf 89' lang='lat' dir='ltr'>hanc</span> <span class='ocrx_word' id='word_1_72' title='bbox 1779 1233 2039 1314; x_wconf 88' lang='lat' dir='ltr'>sectam,</span> <span class='ocrx_word' id='word_1_73' title='bbox 2109 1249 2296 1314; x_wconf 89' lang='lat' dir='ltr'>quam</span> <span class='ocrx_word' id='word_1_74' title='bbox 2341 1232 2631 1314; x_wconf 88' lang='lat' dir='ltr'>Turcam‚</span> 
     </span>
     <span class='ocr_line' id='line_1_10' title="bbox 296 1336 2633 1422; baseline 0.001 -21"><span class='ocrx_word' id='word_1_75' title='bbox 296 1337 537 1402; x_wconf 91' lang='lat' dir='ltr'>bellum</span> <span class='ocrx_word' id='word_1_76' title='bbox 605 1339 684 1403; x_wconf 87' lang='lat' dir='ltr'>ab</span> <span class='ocrx_word' id='word_1_77' title='bbox 753 1339 1017 1422; x_wconf 90' lang='lat' dir='ltr'>imperio</span> <span class='ocrx_word' id='word_1_78' title='bbox 1096 1337 1564 1421; x_wconf 90' lang='lat' dir='ltr'>suscipiendum</span> <span class='ocrx_word' id='word_1_79' title='bbox 1631 1357 1765 1403; x_wconf 87' lang='lat' dir='ltr'>esse</span> <span class='ocrx_word' id='word_1_80' title='bbox 1832 1339 2087 1402; x_wconf 89' lang='lat' dir='ltr'>censent</span> <span class='ocrx_word' id='word_1_81' title='bbox 2104 1340 2147 1402; x_wconf 87' lang='lat'>¹.</span> <span class='ocrx_word' id='word_1_82' title='bbox 2263 1336 2633 1422; x_wconf 82' lang='lat' dir='ltr'>Quanquam</span> 
     </span>
     <span class='ocr_line' id='line_1_11' title="bbox 292 1444 2633 1526; baseline 0.001 -19"><span class='ocrx_word' id='word_1_83' title='bbox 292 1446 508 1508; x_wconf 90' lang='lat' dir='ltr'>autem</span> <span class='ocrx_word' id='word_1_84' title='bbox 574 1445 837 1510; x_wconf 88' lang='lat' dir='ltr'>Ioannes</span> <span class='ocrx_word' id='word_1_85' title='bbox 884 1444 1250 1510; x_wconf 87' lang='lat' dir='ltr'>Fredericus</span> <span class='ocrx_word' id='word_1_86' title='bbox 1309 1444 1433 1508; x_wconf 86' lang='lat' dir='ltr'>dux</span> <span class='ocrx_word' id='word_1_87' title='bbox 1479 1444 1803 1526; x_wconf 85' lang='lat' dir='ltr'>Saxoniae,</span> <span class='ocrx_word' id='word_1_88' title='bbox 1875 1445 2122 1526; x_wconf 90' lang='lat' dir='ltr'>elector,</span> <span class='ocrx_word' id='word_1_89' title='bbox 2193 1444 2272 1509; x_wconf 90' lang='lat' dir='ltr'>ad</span> <span class='ocrx_word' id='word_1_90' title='bbox 2332 1444 2445 1509; x_wconf 89' lang='lat' dir='ltr'>has</span> <span class='ocrx_word' id='word_1_91' title='bbox 2506 1447 2633 1510; x_wconf 89' lang='lat' dir='ltr'>tres</span> 
     </span>
     <span class='ocr_line' id='line_1_12' title="bbox 293 1550 2634 1635; baseline 0.002 -22"><span class='ocrx_word' id='word_1_92' title='bbox 293 1550 649 1632; x_wconf 85' lang='lat' dir='ltr'>provincias</span> <span class='ocrx_word' id='word_1_93' title='bbox 695 1551 820 1617; x_wconf 91' lang='lat' dir='ltr'>huc</span> <span class='ocrx_word' id='word_1_94' title='bbox 866 1553 1095 1617; x_wconf 89' lang='lat' dir='ltr'>accitas</span> <span class='ocrx_word' id='word_1_95' title='bbox 1142 1571 1265 1617; x_wconf 87' lang='lat' dir='ltr'>non</span> <span class='ocrx_word' id='word_1_96' title='bbox 1313 1551 1654 1634; x_wconf 88' lang='lat' dir='ltr'>pertineat,</span> <span class='ocrx_word' id='word_1_97' title='bbox 1703 1571 1740 1616; x_wconf 89' lang='lat' dir='ltr'>a</span> <span class='ocrx_word' id='word_1_98' title='bbox 1784 1551 2045 1635; x_wconf 91' lang='lat' dir='ltr'>reliquis</span> <span class='ocrx_word' id='word_1_99' title='bbox 2089 1553 2300 1617; x_wconf 88' lang='lat' dir='ltr'>tamen</span> <span class='ocrx_word' id='word_1_100' title='bbox 2347 1551 2634 1618; x_wconf 90' lang='lat' dir='ltr'>electori-</span> 
     </span>
     <span class='ocr_line' id='line_1_13' title="bbox 295 1656 2634 1742; baseline 0.002 -22"><span class='ocrx_word' id='word_1_101' title='bbox 295 1656 415 1720; x_wconf 89' lang='lat' dir='ltr'>bus</span> <span class='ocrx_word' id='word_1_102' title='bbox 449 1659 512 1721; x_wconf 93' lang='lat' dir='ltr'>et</span> <span class='ocrx_word' id='word_1_103' title='bbox 556 1658 846 1742; x_wconf 89' lang='lat' dir='ltr'>episcopo</span> <span class='ocrx_word' id='word_1_104' title='bbox 878 1657 1358 1724; x_wconf 89' lang='lat' dir='ltr'>Monasteriensi</span> <span class='ocrx_word' id='word_1_105' title='bbox 1378 1659 1402 1696; x_wconf 76' lang='lat'><em>2</em></span> <span class='ocrx_word' id='word_1_106' title='bbox 1446 1660 1723 1742; x_wconf 86' lang='lat' dir='ltr'>rogatus,</span> <span class='ocrx_word' id='word_1_107' title='bbox 1771 1676 1915 1723; x_wconf 88' lang='lat' dir='ltr'>cum</span> <span class='ocrx_word' id='word_1_108' title='bbox 1946 1676 2198 1723; x_wconf 88' lang='lat' dir='ltr'>causam</span> <span class='ocrx_word' id='word_1_109' title='bbox 2235 1657 2634 1724; x_wconf 89' lang='lat' dir='ltr'>comitiorum</span> 
     </span>
     <span class='ocr_line' id='line_1_14' title="bbox 296 1762 2635 1848; baseline 0.002 -22"><span class='ocrx_word' id='word_1_110' title='bbox 296 1762 733 1845; x_wconf 83' lang='lat' dir='ltr'>intellexisset,</span> <span class='ocrx_word' id='word_1_111' title='bbox 807 1784 951 1830; x_wconf 92' lang='lat' dir='ltr'>suos</span> <span class='ocrx_word' id='word_1_112' title='bbox 998 1783 1244 1848; x_wconf 89' lang='lat' dir='ltr'>quoque</span> <span class='ocrx_word' id='word_1_113' title='bbox 1308 1763 1545 1846; x_wconf 88' lang='lat' dir='ltr'>legatos</span> <span class='ocrx_word' id='word_1_114' title='bbox 1593 1782 1737 1827; x_wconf 90' lang='lat' dir='ltr'>cum</span> <span class='ocrx_word' id='word_1_115' title='bbox 1784 1763 2160 1828; x_wconf 84' lang='lat' dir='ltr'>auctoritate</span> <span class='ocrx_word' id='word_1_116' title='bbox 2205 1782 2276 1828; x_wconf 91' lang='lat' dir='ltr'>eo</span> <span class='ocrx_word' id='word_1_117' title='bbox 2321 1763 2525 1829; x_wconf 88' lang='lat' dir='ltr'>mittit</span> <span class='ocrx_word' id='word_1_118' title='bbox 2570 1767 2635 1831; x_wconf 90' lang='lat' dir='ltr'>et</span> 
     </span>
     <span class='ocr_line' id='line_1_15' title="bbox 290 1869 2633 1955; baseline 0 -22"><span class='ocrx_word' id='word_1_119' title='bbox 290 1888 361 1933; x_wconf 88' lang='lat' dir='ltr'>se</span> <span class='ocrx_word' id='word_1_120' title='bbox 406 1870 476 1933; x_wconf 91' lang='lat' dir='ltr'>in</span> <span class='ocrx_word' id='word_1_121' title='bbox 521 1869 638 1935; x_wconf 89' lang='lat' dir='ltr'>hac</span> <span class='ocrx_word' id='word_1_122' title='bbox 684 1871 789 1955; x_wconf 91' lang='lat' dir='ltr'>pia</span> <span class='ocrx_word' id='word_1_123' title='bbox 834 1890 1045 1953; x_wconf 90' lang='lat' dir='ltr'>causa,</span> <span class='ocrx_word' id='word_1_124' title='bbox 1119 1889 1275 1954; x_wconf 90' lang='lat' dir='ltr'>quae</span> <span class='ocrx_word' id='word_1_125' title='bbox 1321 1870 1603 1934; x_wconf 90' lang='lat' dir='ltr'>omnium</span> <span class='ocrx_word' id='word_1_126' title='bbox 1649 1869 1874 1935; x_wconf 88' lang='lat' dir='ltr'>merito</span> <span class='ocrx_word' id='word_1_127' title='bbox 1920 1870 2407 1935; x_wconf 89' lang='lat' dir='ltr'>christianorum</span> <span class='ocrx_word' id='word_1_128' title='bbox 2453 1889 2633 1953; x_wconf 90' lang='lat' dir='ltr'>prae-</span> 
     </span>
     <span class='ocr_line' id='line_1_16' title="bbox 296 1974 2628 2060; baseline 0.001 -22"><span class='ocrx_word' id='word_1_129' title='bbox 296 1974 533 2040; x_wconf 87' lang='lat' dir='ltr'>sidium</span> <span class='ocrx_word' id='word_1_130' title='bbox 578 1979 877 2060; x_wconf 87' lang='lat' dir='ltr'>posceret,</span> <span class='ocrx_word' id='word_1_131' title='bbox 927 1976 1457 2042; x_wconf 89' lang='lat' dir='ltr'>contributionem</span> <span class='ocrx_word' id='word_1_132' title='bbox 1502 1994 1616 2040; x_wconf 89' lang='lat' dir='ltr'>sua</span> <span class='ocrx_word' id='word_1_133' title='bbox 1647 1976 1867 2058; x_wconf 91' lang='lat' dir='ltr'>sponte</span> <span class='ocrx_word' id='word_1_134' title='bbox 1912 1975 2231 2040; x_wconf 87' lang='lat' dir='ltr'>facturum</span> <span class='ocrx_word' id='word_1_135' title='bbox 2274 1975 2628 2059; x_wconf 87' lang='lat' dir='ltr'>pollicetur,</span> 
     </span>
     <span class='ocr_line' id='line_1_17' title="bbox 296 2081 2631 2167; baseline 0.001 -22"><span class='ocrx_word' id='word_1_136' title='bbox 296 2083 370 2145; x_wconf 90' lang='lat' dir='ltr'>ut</span> <span class='ocrx_word' id='word_1_137' title='bbox 415 2082 689 2147; x_wconf 89' lang='lat' dir='ltr'>schisma</span> <span class='ocrx_word' id='word_1_138' title='bbox 733 2083 851 2149; x_wconf 90' lang='lat' dir='ltr'>hoc</span> <span class='ocrx_word' id='word_1_139' title='bbox 893 2083 1154 2167; x_wconf 91' lang='lat' dir='ltr'>plenum</span> <span class='ocrx_word' id='word_1_140' title='bbox 1199 2081 1498 2165; x_wconf 91' lang='lat' dir='ltr'>periculis</span> <span class='ocrx_word' id='word_1_141' title='bbox 1554 2081 1865 2146; x_wconf 90' lang='lat' dir='ltr'>maturius</span> <span class='ocrx_word' id='word_1_142' title='bbox 1913 2081 2373 2165; x_wconf 83' lang='lat' dir='ltr'>supprimatur3</span> <span class='ocrx_word' id='word_1_143' title='bbox 2440 2100 2631 2166; x_wconf 88' lang='lat' dir='ltr'>quare</span> 
     </span>
     <span class='ocr_line' id='line_1_18' title="bbox 291 2186 2632 2273; baseline 0.001 -22"><span class='ocrx_word' id='word_1_144' title='bbox 291 2187 398 2252; x_wconf 74' lang='lat' dir='ltr'>*et</span> <span class='ocrx_word' id='word_1_145' title='bbox 442 2188 635 2253; x_wconf 91' lang='lat' dir='ltr'>huius</span> <span class='ocrx_word' id='word_1_146' title='bbox 682 2189 873 2273; x_wconf 86' lang='lat' dir='ltr'>legati</span> <span class='ocrx_word' id='word_1_147' title='bbox 919 2189 998 2254; x_wconf 83' lang='lat' dir='ltr'>ad</span> <span class='ocrx_word' id='word_1_148' title='bbox 1044 2188 1306 2254; x_wconf 90' lang='lat' dir='ltr'>consilia</span> <span class='ocrx_word' id='word_1_149' title='bbox 1350 2207 1386 2253; x_wconf 90' lang='lat' dir='ltr'>a</span> <span class='ocrx_word' id='word_1_150' title='bbox 1433 2187 1705 2253; x_wconf 88' lang='lat' dir='ltr'>statibus</span> <span class='ocrx_word' id='word_1_151' title='bbox 1750 2186 2194 2253; x_wconf 87' lang='lat' dir='ltr'>admittuntur.</span> <span class='ocrx_word' id='word_1_152' title='bbox 2287 2188 2441 2253; x_wconf 89' lang='lat' dir='ltr'>Post</span> <span class='ocrx_word' id='word_1_153' title='bbox 2485 2207 2632 2253; x_wconf 91' lang='lat' dir='ltr'>con·</span> 
     </span>
     <span class='ocr_line' id='line_1_19' title="bbox 294 2294 2633 2378; baseline 0 -19"><span class='ocrx_word' id='word_1_154' title='bbox 294 2296 703 2361; x_wconf 86' lang='lat' dir='ltr'>sultationem</span> <span class='ocrx_word' id='word_1_155' title='bbox 747 2297 1115 2362; x_wconf 87' lang='lat' dir='ltr'>diuturnam</span> <span class='ocrx_word' id='word_1_156' title='bbox 1147 2297 1558 2361; x_wconf 88' lang='lat' dir='ltr'>concordibus</span> <span class='ocrx_word' id='word_1_157' title='bbox 1605 2294 1861 2360; x_wconf 88' lang='lat' dir='ltr'>tandem</span> <span class='ocrx_word' id='word_1_158' title='bbox 1905 2294 2222 2378; x_wconf 86' lang='lat' dir='ltr'>suffragiis</span> <span class='ocrx_word' id='word_1_159' title='bbox 2269 2295 2350 2358; x_wconf 86' lang='lat' dir='ltr'>ad</span> <span class='ocrx_word' id='word_1_160' title='bbox 2385 2296 2633 2360; x_wconf 89' lang='lat' dir='ltr'>susten·</span> 
     </span>
     <span class='ocr_line' id='line_1_20' title="bbox 293 2399 2633 2468; baseline 0 -3"><span class='ocrx_word' id='word_1_161' title='bbox 293 2401 598 2468; x_wconf 89' lang='lat' dir='ltr'>tationem</span> <span class='ocrx_word' id='word_1_162' title='bbox 644 2406 993 2468; x_wconf 89' lang='lat' dir='ltr'>erectorum</span> <span class='ocrx_word' id='word_1_163' title='bbox 1039 2402 1441 2467; x_wconf 88' lang='lat' dir='ltr'>castellorum</span> <span class='ocrx_word' id='word_1_164' title='bbox 1472 2404 1535 2468; x_wconf 90' lang='lat' dir='ltr'>et</span> <span class='ocrx_word' id='word_1_165' title='bbox 1581 2400 1661 2465; x_wconf 87' lang='lat' dir='ltr'>ad</span> <span class='ocrx_word' id='word_1_166' title='bbox 1706 2399 2196 2465; x_wconf 88' lang='lat' dir='ltr'>continuandam</span> <span class='ocrx_word' id='word_1_167' title='bbox 2243 2400 2633 2466; x_wconf 88' lang='lat' dir='ltr'>obsidionem</span> 
     </span>
     <span class='ocr_line' id='line_1_21' title="bbox 290 2508 1975 2593; baseline -0.001 -19"><span class='ocrx_word' id='word_1_168' title='bbox 290 2509 742 2593; x_wconf 87' lang='lat' dir='ltr'>subsequentia</span> <span class='ocrx_word' id='word_1_169' title='bbox 787 2509 1101 2593; x_wconf 86' lang='lat' dir='ltr'>praesidia</span> <span class='ocrx_word' id='word_1_170' title='bbox 1145 2511 1210 2574; x_wconf 90' lang='lat' dir='ltr'>et</span> <span class='ocrx_word' id='word_1_171' title='bbox 1255 2508 1553 2574; x_wconf 87' lang='lat' dir='ltr'>articulos</span> <span class='ocrx_word' id='word_1_172' title='bbox 1599 2508 1975 2574; x_wconf 86' lang='lat' dir='ltr'>decernunt:</span> 
     </span>
    </p>

    <p class='ocr_par' dir='ltr' id='par_1_3' title="bbox 294 2614 2635 3661">
     <span class='ocr_line' id='line_1_22' title="bbox 506 2614 2634 2700; baseline -0.001 -18"><span class='ocrx_word' id='word_1_173' title='bbox 506 2617 794 2682; x_wconf 89' lang='lat' dir='ltr'>Primum</span> <span class='ocrx_word' id='word_1_174' title='bbox 841 2618 1078 2700; x_wconf 87' lang='lat' dir='ltr'>septem</span> <span class='ocrx_word' id='word_1_175' title='bbox 1123 2618 1330 2681; x_wconf 90' lang='lat' dir='ltr'>castra</span> <span class='ocrx_word' id='word_1_176' title='bbox 1373 2616 1453 2680; x_wconf 88' lang='lat' dir='ltr'>ad</span> <span class='ocrx_word' id='word_1_177' title='bbox 1499 2614 1905 2681; x_wconf 88' lang='lat' dir='ltr'>obsidendam</span> <span class='ocrx_word' id='word_1_178' title='bbox 1951 2615 2190 2696; x_wconf 84' lang='lat' dir='ltr'>urbem,</span> <span class='ocrx_word' id='word_1_179' title='bbox 2240 2617 2303 2680; x_wconf 91' lang='lat' dir='ltr'>et</span> <span class='ocrx_word' id='word_1_180' title='bbox 2337 2614 2416 2679; x_wconf 88' lang='lat' dir='ltr'>ad</span> <span class='ocrx_word' id='word_1_181' title='bbox 2453 2632 2634 2697; x_wconf 89' lang='lat' dir='ltr'>prae-</span> 
     </span>
     <span class='ocr_line' id='line_1_23' title="bbox 296 2719 2631 2790; baseline -0.001 -3"><span class='ocrx_word' id='word_1_182' title='bbox 296 2724 530 2788; x_wconf 89' lang='lat' dir='ltr'>sidium</span> <span class='ocrx_word' id='word_1_183' title='bbox 577 2743 794 2789; x_wconf 90' lang='lat' dir='ltr'>eorum</span> <span class='ocrx_word' id='word_1_184' title='bbox 838 2724 964 2790; x_wconf 89' lang='lat' dir='ltr'>tria</span> <span class='ocrx_word' id='word_1_185' title='bbox 1006 2723 1212 2788; x_wconf 89' lang='lat' dir='ltr'>millia</span> <span class='ocrx_word' id='word_1_186' title='bbox 1256 2721 1916 2788; x_wconf 85' lang='lat' dir='ltr'>exercitatissimorum</span> <span class='ocrx_word' id='word_1_187' title='bbox 1959 2719 2242 2785; x_wconf 90' lang='lat' dir='ltr'>militum</span> <span class='ocrx_word' id='word_1_188' title='bbox 2282 2720 2569 2785; x_wconf 87' lang='lat' dir='ltr'>sufficere</span> <span class='ocrx_word' id='word_1_189' title='bbox 2586 2721 2631 2785; x_wconf 80' lang='lat'>⁸.</span> 
     </span>
     <span class='ocr_line' id='line_1_24' title="bbox 300 2827 2635 2915; baseline -0.002 -19"><span class='ocrx_word' id='word_1_190' title='bbox 300 2830 366 2896; x_wconf 89' lang='lat' dir='ltr'>Si</span> <span class='ocrx_word' id='word_1_191' title='bbox 412 2850 554 2896; x_wconf 89' lang='lat' dir='ltr'>vero</span> <span class='ocrx_word' id='word_1_192' title='bbox 600 2831 940 2915; x_wconf 89' lang='lat' dir='ltr'>imperator</span> <span class='ocrx_word' id='word_1_193' title='bbox 982 2829 1357 2913; x_wconf 89' lang='lat' dir='ltr'>praecipuus</span> <span class='ocrx_word' id='word_1_194' title='bbox 1402 2829 1531 2893; x_wconf 89' lang='lat' dir='ltr'>iam</span> <span class='ocrx_word' id='word_1_195' title='bbox 1561 2827 1924 2911; x_wconf 88' lang='lat' dir='ltr'>designatus</span> <span class='ocrx_word' id='word_1_196' title='bbox 1970 2827 2321 2911; x_wconf 90' lang='lat' dir='ltr'>reliquique</span> <span class='ocrx_word' id='word_1_197' title='bbox 2365 2828 2635 2911; x_wconf 89' lang='lat' dir='ltr'>quatuor</span> 
     </span>
     <span class='ocr_line' id='line_1_25' title="bbox 294 2931 2634 3019; baseline -0.001 -18"><span class='ocrx_word' id='word_1_198' title='bbox 294 2937 396 3001; x_wconf 90' lang='lat' dir='ltr'>illi</span> <span class='ocrx_word' id='word_1_199' title='bbox 426 2957 464 3002; x_wconf 89' lang='lat' dir='ltr'>a</span> <span class='ocrx_word' id='word_1_200' title='bbox 493 2938 774 3003; x_wconf 90' lang='lat' dir='ltr'>consiliis</span> <span class='ocrx_word' id='word_1_201' title='bbox 820 2936 1120 3003; x_wconf 89' lang='lat' dir='ltr'>militaris</span> <span class='ocrx_word' id='word_1_202' title='bbox 1166 2936 1445 3001; x_wconf 88' lang='lat' dir='ltr'>delectus</span> <span class='ocrx_word' id='word_1_203' title='bbox 1490 2932 1792 3019; x_wconf 86' lang='lat' dir='ltr'>praefecti</span> <span class='ocrx_word' id='word_1_204' title='bbox 1837 2931 1980 3018; x_wconf 86' lang='lat' dir='ltr'>post</span> <span class='ocrx_word' id='word_1_205' title='bbox 2032 2935 2390 2998; x_wconf 89' lang='lat' dir='ltr'>accuratam</span> <span class='ocrx_word' id='word_1_206' title='bbox 2421 2952 2634 2998; x_wconf 90' lang='lat' dir='ltr'>rerum</span> 
     </span>
     <span class='ocr_line' id='line_1_26' title="bbox 297 3042 2632 3127; baseline -0 -20"><span class='ocrx_word' id='word_1_207' title='bbox 297 3043 745 3127; x_wconf 88' lang='lat' dir='ltr'>inspectionem</span> <span class='ocrx_word' id='word_1_208' title='bbox 815 3046 975 3110; x_wconf 89' lang='lat' dir='ltr'>utile</span> <span class='ocrx_word' id='word_1_209' title='bbox 1042 3048 1107 3111; x_wconf 87' lang='lat' dir='ltr'>et</span> <span class='ocrx_word' id='word_1_210' title='bbox 1176 3046 1595 3111; x_wconf 89' lang='lat' dir='ltr'>necessarium</span> <span class='ocrx_word' id='word_1_211' title='bbox 1661 3062 1793 3108; x_wconf 90' lang='lat' dir='ltr'>esse</span> <span class='ocrx_word' id='word_1_212' title='bbox 1860 3042 2274 3108; x_wconf 85' lang='lat' dir='ltr'>iudicaverint</span> <span class='ocrx_word' id='word_1_213' title='bbox 2340 3042 2632 3126; x_wconf 91' lang='lat' dir='ltr'>pluribus</span> 
     </span>
     <span class='ocr_line' id='line_1_27' title="bbox 294 3148 2634 3236; baseline 0 -23"><span class='ocrx_word' id='word_1_214' title='bbox 294 3149 520 3214; x_wconf 89' lang='lat' dir='ltr'>castris</span> <span class='ocrx_word' id='word_1_215' title='bbox 589 3152 809 3216; x_wconf 87' lang='lat' dir='ltr'>urbem</span> <span class='ocrx_word' id='word_1_216' title='bbox 871 3152 1267 3236; x_wconf 85' lang='lat' dir='ltr'>cingendam,</span> <span class='ocrx_word' id='word_1_217' title='bbox 1340 3150 1695 3217; x_wconf 89' lang='lat' dir='ltr'>confirmati</span> <span class='ocrx_word' id='word_1_218' title='bbox 1761 3148 2269 3215; x_wconf 88' lang='lat' dir='ltr'>Monasteriensis</span> <span class='ocrx_word' id='word_1_219' title='bbox 2316 3148 2524 3214; x_wconf 90' lang='lat' dir='ltr'>curiae</span> <span class='ocrx_word' id='word_1_220' title='bbox 2570 3150 2634 3214; x_wconf 89' lang='lat' dir='ltr'>et</span> 
     </span>
     <span class='ocr_line' id='line_1_28' title="bbox 296 3254 2634 3341; baseline 0 -22"><span class='ocrx_word' id='word_1_221' title='bbox 296 3255 594 3321; x_wconf 89' lang='lat' dir='ltr'>dioecesis</span> <span class='ocrx_word' id='word_1_222' title='bbox 664 3257 967 3341; x_wconf 86' lang='lat' dir='ltr'>impensis</span> <span class='ocrx_word' id='word_1_223' title='bbox 1032 3258 1195 3323; x_wconf 90' lang='lat' dir='ltr'>illud</span> <span class='ocrx_word' id='word_1_224' title='bbox 1242 3258 1594 3338; x_wconf 90' lang='lat' dir='ltr'>incumbet,</span> <span class='ocrx_word' id='word_1_225' title='bbox 1665 3258 1757 3321; x_wconf 90' lang='lat' dir='ltr'>ita</span> <span class='ocrx_word' id='word_1_226' title='bbox 1799 3257 2039 3337; x_wconf 87' lang='lat' dir='ltr'>tamen,</span> <span class='ocrx_word' id='word_1_227' title='bbox 2095 3257 2169 3321; x_wconf 90' lang='lat' dir='ltr'>ut</span> <span class='ocrx_word' id='word_1_228' title='bbox 2213 3254 2339 3320; x_wconf 89' lang='lat' dir='ltr'>tria</span> <span class='ocrx_word' id='word_1_229' title='bbox 2381 3256 2634 3320; x_wconf 88' lang='lat' dir='ltr'>tantum</span> 
     </span>
     <span class='ocr_line' id='line_1_29' title="bbox 295 3362 2631 3449; baseline -0 -23"><span class='ocrx_word' id='word_1_230' title='bbox 295 3362 500 3427; x_wconf 89' lang='lat' dir='ltr'>millia</span> <span class='ocrx_word' id='word_1_231' title='bbox 528 3363 818 3445; x_wconf 87' lang='lat' dir='ltr'>peditum</span> <span class='ocrx_word' id='word_1_232' title='bbox 850 3365 918 3430; x_wconf 91' lang='lat' dir='ltr'>in</span> <span class='ocrx_word' id='word_1_233' title='bbox 950 3365 1226 3447; x_wconf 87' lang='lat' dir='ltr'>castella,</span> <span class='ocrx_word' id='word_1_234' title='bbox 1275 3365 1582 3449; x_wconf 90' lang='lat' dir='ltr'>quotquot</span> <span class='ocrx_word' id='word_1_235' title='bbox 1612 3364 1806 3428; x_wconf 90' lang='lat' dir='ltr'>etiam</span> <span class='ocrx_word' id='word_1_236' title='bbox 1843 3364 2096 3445; x_wconf 87' lang='lat' dir='ltr'>fuerint,</span> <span class='ocrx_word' id='word_1_237' title='bbox 2147 3362 2631 3428; x_wconf 81' lang='lat' dir='ltr'>distribuantur.</span> 
     </span>
     <span class='ocr_line' id='line_1_30' title="bbox 297 3468 2630 3556; baseline -0 -22"><span class='ocrx_word' id='word_1_238' title='bbox 297 3469 770 3552; x_wconf 77' lang='lat' dir='ltr'>stipendiorum</span> <span class='ocrx_word' id='word_1_239' title='bbox 801 3491 1045 3556; x_wconf 91' lang='lat' dir='ltr'>quoque</span> <span class='ocrx_word' id='word_1_240' title='bbox 1078 3473 1292 3537; x_wconf 82' lang='lat' dir='ltr'>exacta</span> <span class='ocrx_word' id='word_1_241' title='bbox 1322 3472 1481 3536; x_wconf 89' lang='lat' dir='ltr'>ratio</span> <span class='ocrx_word' id='word_1_242' title='bbox 1527 3470 1885 3552; x_wconf 84' lang='lat' dir='ltr'>habebitur,</span> <span class='ocrx_word' id='word_1_243' title='bbox 1933 3472 2025 3551; x_wconf 90' lang='lat' dir='ltr'>ut,</span> <span class='ocrx_word' id='word_1_244' title='bbox 2064 3469 2118 3534; x_wconf 90' lang='lat' dir='ltr'>si</span> <span class='ocrx_word' id='word_1_245' title='bbox 2150 3468 2379 3553; x_wconf 87' lang='lat' dir='ltr'>quibus</span> <span class='ocrx_word' id='word_1_246' title='bbox 2425 3469 2630 3552; x_wconf 86' lang='lat' dir='ltr'>plura,</span> 
     </span>
     <span class='ocr_line' id='line_1_31' title="bbox 294 3574 2631 3661; baseline -0 -21"><span class='ocrx_word' id='word_1_247' title='bbox 294 3595 484 3661; x_wconf 89' lang='lat' dir='ltr'>quam</span> <span class='ocrx_word' id='word_1_248' title='bbox 552 3597 792 3660; x_wconf 90' lang='lat' dir='ltr'>rerum,</span> <span class='ocrx_word' id='word_1_249' title='bbox 862 3578 1213 3643; x_wconf 89' lang='lat' dir='ltr'>officiorum</span> <span class='ocrx_word' id='word_1_250' title='bbox 1257 3581 1321 3643; x_wconf 90' lang='lat' dir='ltr'>et</span> <span class='ocrx_word' id='word_1_251' title='bbox 1379 3595 1787 3661; x_wconf 84' lang='lat' dir='ltr'>personarum</span> <span class='ocrx_word' id='word_1_252' title='bbox 1855 3576 2133 3660; x_wconf 83' lang='lat' dir='ltr'>dignitas</span> <span class='ocrx_word' id='word_1_253' title='bbox 2199 3574 2631 3659; x_wconf 86' lang='lat' dir='ltr'>postulaverit,</span> 
     </span>
    </p>
   </div>
   <div class='ocr_carea' id='block_1_3' title="bbox 296 3722 721 3730">
    <p class='ocr_par' dir='ltr' id='par_1_4' title="bbox 296 3722 721 3730">
     <span class='ocr_line' id='line_1_32' title="bbox 296 3722 721 3730; baseline 0 1345"><span class='ocrx_word' id='word_1_254' title='bbox 296 3722 721 3730; x_wconf 95' lang='lat' dir='ltr'> </span> 
     </span>
    </p>
   </div>
   <div class='ocr_carea' id='block_1_4' title="bbox 294 3785 2634 4039">
    <p class='ocr_par' dir='ltr' id='par_1_5' title="bbox 294 3785 2634 4039">
     <span class='ocr_line' id='line_1_33' title="bbox 510 3785 2633 3860; baseline -0.002 -15"><span class='ocrx_word' id='word_1_255' title='bbox 510 3791 553 3856; x_wconf 78' lang='grc'>1)</span> <span class='ocrx_word' id='word_1_256' title='bbox 590 3790 674 3845; x_wconf 89' lang='lat' dir='ltr'>Im</span> <span class='ocrx_word' id='word_1_257' title='bbox 711 3790 1036 3856; x_wconf 79' lang='lat' dir='ltr'>Abschiedc:</span> <span class='ocrx_word' id='word_1_258' title='bbox 1079 3830 1125 3857; x_wconf 85' lang='grc'>,,.</span> <span class='ocrx_word' id='word_1_259' title='bbox 1147 3829 1162 3843; x_wconf 92' lang='grc'><strong>.</strong></span> <span class='ocrx_word' id='word_1_260' title='bbox 1182 3829 1196 3843; x_wconf 91' lang='grc'><strong>.</strong></span> <span class='ocrx_word' id='word_1_261' title='bbox 1235 3789 1385 3844; x_wconf 86' lang='lat' dir='ltr'>keins</span> <span class='ocrx_word' id='word_1_262' title='bbox 1410 3807 1553 3860; x_wconf 82' lang='lat' dir='ltr'>wegs</span> <span class='ocrx_word' id='word_1_263' title='bbox 1591 3806 1657 3842; x_wconf 87' lang='lat' dir='ltr'>zu</span> <span class='ocrx_word' id='word_1_264' title='bbox 1693 3789 1981 3850; x_wconf 70' lang='lat' dir='ltr'>verlassem</span> <span class='ocrx_word' id='word_1_265' title='bbox 2019 3787 2214 3842; x_wconf 86' lang='lat' dir='ltr'>sonder</span> <span class='ocrx_word' id='word_1_266' title='bbox 2249 3786 2347 3841; x_wconf 81' lang='lat' dir='ltr'>das</span> <span class='ocrx_word' id='word_1_267' title='bbox 2383 3787 2509 3840; x_wconf 84' lang='lat' dir='ltr'>inen</span> <span class='ocrx_word' id='word_1_268' title='bbox 2545 3785 2633 3840; x_wconf 86' lang='lat' dir='ltr'>die</span> 
     </span>
     <span class='ocr_line' id='line_1_34' title="bbox 294 3874 2634 3950; baseline -0.002 -18"><span class='ocrx_word' id='word_1_269' title='bbox 294 3878 423 3932; x_wconf 82' lang='lat' dir='ltr'>hilff</span> <span class='ocrx_word' id='word_1_270' title='bbox 452 3879 644 3949; x_wconf 89' lang='lat' dir='ltr'>pillich</span> <span class='ocrx_word' id='word_1_271' title='bbox 684 3880 982 3950; x_wconf 83' lang='lat' dir='ltr'>mitgeteilt</span> <span class='ocrx_word' id='word_1_272' title='bbox 1016 3879 1218 3942; x_wconf 80' lang='lat' dir='ltr'>werde3</span> <span class='ocrx_word' id='word_1_273' title='bbox 1263 3878 1439 3933; x_wconf 82' lang='lat' dir='ltr'>haben</span> <span class='ocrx_word' id='word_1_274' title='bbox 1477 3877 1740 3933; x_wconf 81' lang='lat' dir='ltr'>demnach</span> <span class='ocrx_word' id='word_1_275' title='bbox 1778 3894 1845 3931; x_wconf 83' lang='lat' dir='ltr'>zu</span> <span class='ocrx_word' id='word_1_276' title='bbox 1881 3876 2284 3946; x_wconf 81' lang='lat' dir='ltr'>underhaltung</span> <span class='ocrx_word' id='word_1_277' title='bbox 2319 3875 2414 3930; x_wconf 88' lang='lat' dir='ltr'>der</span> <span class='ocrx_word' id='word_1_278' title='bbox 2449 3874 2634 3945; x_wconf 89' lang='lat' dir='ltr'>ploch-</span> 
     </span>
     <span class='ocr_line' id='line_1_35' title="bbox 294 3962 2632 4039; baseline -0.002 -18"><span class='ocrx_word' id='word_1_279' title='bbox 294 3967 489 4023; x_wconf 87' lang='lat' dir='ltr'>heuser</span> <span class='ocrx_word' id='word_1_280' title='bbox 525 3967 641 4023; x_wconf 92' lang='lat' dir='ltr'>sich</span> <span class='ocrx_word' id='word_1_281' title='bbox 696 3969 806 4023; x_wconf 82' lang='lat' dir='ltr'>itzo</span> <span class='ocrx_word' id='word_1_282' title='bbox 846 3970 993 4023; x_wconf 89' lang='lat' dir='ltr'>einer</span> <span class='ocrx_word' id='word_1_283' title='bbox 1026 3967 1252 4039; x_wconf 83' lang='lat' dir='ltr'>ylender</span> <span class='ocrx_word' id='word_1_284' title='bbox 1285 3967 1413 4021; x_wconf 84' lang='lat' dir='ltr'>hilff</span> <span class='ocrx_word' id='word_1_285' title='bbox 1463 3967 1570 4021; x_wconf 89' lang='lat' dir='ltr'>und</span> <span class='ocrx_word' id='word_1_286' title='bbox 1612 3966 1805 4021; x_wconf 82' lang='lat' dir='ltr'>anders</span> <span class='ocrx_word' id='word_1_287' title='bbox 1849 3965 2041 4020; x_wconf 83' lang='lat' dir='ltr'>halber</span> <span class='ocrx_word' id='word_1_288' title='bbox 2091 3962 2513 4034; x_wconf 82' lang='lat' dir='ltr'>nachfolgender</span> <span class='ocrx_word' id='word_1_289' title='bbox 2548 3979 2632 4017; x_wconf 86' lang='lat' dir='ltr'>ar-</span> 
     </span>
    </p>
   </div>
   <div class='ocr_carea' id='block_1_5' title="bbox 295 4056 2632 4217">
    <p class='ocr_par' dir='ltr' id='par_1_6' title="bbox 295 4056 2632 4217">
     <span class='ocr_line' id='line_1_36' title="bbox 295 4056 938 4112; baseline 0.003 -2"><span class='ocrx_word' id='word_1_290' title='bbox 295 4056 483 4111; x_wconf 82' lang='lat' dir='ltr'>tickell</span> <span class='ocrx_word' id='word_1_291' title='bbox 523 4057 938 4112; x_wconf 83' lang='lat' dir='ltr'>entschlossen.“</span> 
     </span>
     <span class='ocr_line' id='line_1_37' title="bbox 511 4138 2632 4217; baseline -0.004 -15"><span class='ocrx_word' id='word_1_292' title='bbox 511 4144 553 4211; x_wconf 73' lang='lat'>²)</span> <span class='ocrx_word' id='word_1_293' title='bbox 596 4187 641 4212; x_wconf 86' lang='grc'>,,.</span> <span class='ocrx_word' id='word_1_294' title='bbox 663 4185 677 4199; x_wconf 92' lang='grc'><strong>.</strong></span> <span class='ocrx_word' id='word_1_295' title='bbox 699 4188 711 4199; x_wconf 94' lang='grc'><strong>.</strong></span> <span class='ocrx_word' id='word_1_296' title='bbox 751 4147 851 4201; x_wconf 83' lang='lat' dir='ltr'>auf</span> <span class='ocrx_word' id='word_1_297' title='bbox 898 4147 1103 4201; x_wconf 78' lang='lat' dir='ltr'>meiner-</span> <span class='ocrx_word' id='word_1_298' title='bbox 1158 4145 1479 4217; x_wconf 84' lang='lat' dir='ltr'>guedigsten</span> <span class='ocrx_word' id='word_1_299' title='bbox 1534 4144 1669 4199; x_wconf 89' lang='lat' dir='ltr'>bern</span> <span class='ocrx_word' id='word_1_300' title='bbox 1724 4143 1820 4198; x_wconf 87' lang='lat' dir='ltr'>der</span> <span class='ocrx_word' id='word_1_301' title='bbox 1865 4143 2023 4198; x_wconf 88' lang='lat' dir='ltr'>chur·</span> <span class='ocrx_word' id='word_1_302' title='bbox 2059 4142 2170 4197; x_wconf 88' lang='lat' dir='ltr'>und</span> <span class='ocrx_word' id='word_1_303' title='bbox 2223 4142 2432 4196; x_wconf 85' lang='lat' dir='ltr'>fursten</span> <span class='ocrx_word' id='word_1_304' title='bbox 2478 4138 2632 4210; x_wconf 74' lang='lat' dir='ltr'>Coln,</span> 
     </span>
    </p>
   </div>
   <div class='ocr_carea' id='block_1_6' title="bbox 294 4234 2634 4468">
    <p class='ocr_par' dir='ltr' id='par_1_7' title="bbox 294 4234 2634 4468">
     <span class='ocr_line' id='line_1_38' title="bbox 295 4234 1613 4290; baseline -0.001 -1"><span class='ocrx_word' id='word_1_305' title='bbox 295 4234 472 4290; x_wconf 83' lang='lat' dir='ltr'>Giilch</span> <span class='ocrx_word' id='word_1_306' title='bbox 506 4235 618 4290; x_wconf 88' lang='lat' dir='ltr'>und</span> <span class='ocrx_word' id='word_1_307' title='bbox 654 4236 748 4290; x_wconf 84' lang='lat' dir='ltr'>des</span> <span class='ocrx_word' id='word_1_308' title='bbox 784 4236 1149 4290; x_wconf 87' lang='lat' dir='ltr'>confirmirten</span> <span class='ocrx_word' id='word_1_309' title='bbox 1186 4252 1287 4289; x_wconf 88' lang='lat' dir='ltr'>von</span> <span class='ocrx_word' id='word_1_310' title='bbox 1324 4235 1613 4289; x_wconf 85' lang='lat' dir='ltr'>Monster.“</span> 
     </span>
     <span class='ocr_line' id='line_1_39' title="bbox 509 4319 2634 4393; baseline -0.003 -14"><span class='ocrx_word' id='word_1_311' title='bbox 509 4324 554 4393; x_wconf 80' lang='lat'>³)</span> <span class='ocrx_word' id='word_1_312' title='bbox 590 4324 745 4379; x_wconf 85' lang='lat' dir='ltr'>Auch</span> <span class='ocrx_word' id='word_1_313' title='bbox 782 4324 953 4379; x_wconf 88' lang='lat' dir='ltr'>sollen</span> <span class='ocrx_word' id='word_1_314' title='bbox 1004 4324 1092 4379; x_wconf 88' lang='lat' dir='ltr'>die</span> <span class='ocrx_word' id='word_1_315' title='bbox 1127 4323 1493 4378; x_wconf 73' lang='lat' dir='ltr'>Blockhliuser</span> <span class='ocrx_word' id='word_1_316' title='bbox 1533 4323 1666 4388; x_wconf 86' lang='lat' dir='ltr'>„mit</span> <span class='ocrx_word' id='word_1_317' title='bbox 1701 4320 1958 4391; x_wconf 83' lang='lat' dir='ltr'>geschiitz</span> <span class='ocrx_word' id='word_1_318' title='bbox 2007 4319 2118 4374; x_wconf 88' lang='lat' dir='ltr'>und</span> <span class='ocrx_word' id='word_1_319' title='bbox 2156 4319 2434 4375; x_wconf 85' lang='lat' dir='ltr'>desselben</span> <span class='ocrx_word' id='word_1_320' title='bbox 2471 4334 2634 4389; x_wconf 79' lang='lat' dir='ltr'>zuge-</span> 
     </span>
     <span class='ocr_line' id='line_1_40' title="bbox 294 4411 1577 4468; baseline 0 -2"><span class='ocrx_word' id='word_1_321' title='bbox 294 4413 462 4468; x_wconf 75' lang='lat' dir='ltr'>horde</span> <span class='ocrx_word' id='word_1_322' title='bbox 498 4413 601 4468; x_wconf 85' lang='lat' dir='ltr'>wol</span> <span class='ocrx_word' id='word_1_323' title='bbox 639 4413 895 4468; x_wconf 80' lang='lat' dir='ltr'>versehen</span> <span class='ocrx_word' id='word_1_324' title='bbox 933 4413 1045 4468; x_wconf 88' lang='lat' dir='ltr'>und</span> <span class='ocrx_word' id='word_1_325' title='bbox 1081 4412 1282 4468; x_wconf 83' lang='lat' dir='ltr'>bestelt</span> <span class='ocrx_word' id='word_1_326' title='bbox 1317 4411 1577 4466; x_wconf 75' lang='lat' dir='ltr'>werden.“</span> 
     </span>
    </p>
   </div>
   <div class='ocr_carea' id='block_1_7' title="bbox 2658 2209 2916 2280">
    <p class='ocr_par' dir='ltr' id='par_1_8' title="bbox 2658 2209 2916 2280">
     <span class='ocr_line' id='line_1_41' title="bbox 2658 2209 2916 2280; baseline 0.012 -15"><span class='ocrx_word' id='word_1_327' title='bbox 2658 2209 2752 2280; x_wconf 70' lang='grc' dir='ltr'>*μ</span> <span class='ocrx_word' id='word_1_328' title='bbox 2793 2210 2916 2268; x_wconf 79' lang='lat'><strong>570.</strong></span> 
     </span>
    </p>
   </div>
  </div>
 </body>
</html>
