3259 5075
404 1405 506 1478 ἰ).
543 1407 664 1463 653.

693 258 826 323 912
1554 256 1739 323 Anno
1793 260 1956 323 1541
2009 259 2166 322 acta.

691 435 821 498 tres
891 452 1150 498 suorum
1221 432 1727 498 consiliariorum
1779 432 1848 497 in
1898 432 2196 516 dioecesi,
2257 435 2321 497 et
2365 453 2489 498 non
2536 433 2827 514 aliunde,
2899 433 3084 498 ortus

690 559 825 605 esse
872 538 1307 622 designandOS‚
1357 558 1568 604 coram
1599 539 1830 623 quibus
1865 543 2167 623 tanquam
2212 539 2532 604 iudicibus
2578 539 2855 604 remisso
2909 538 3082 620 ipsis

689 646 871 730 prius
916 646 1320 710 iureiurando
1367 646 1667 729 utrinque
1713 646 1987 710 rationes
2034 648 2415 729 proponant,
2465 646 2619 710 hinc
2669 646 2925 728 quibus
2974 644 3082 709 di-

690 752 1094 831 mittendum,
1143 752 1324 816 illinc
1359 771 1504 816 vero
1538 751 1771 836 quibus
1820 772 1940 817 non
1977 752 2448 831 dimittendum,
2498 752 2606 817 sed
2652 752 2936 835 capitali
2968 752 3076 815 iu-

690 858 857 922 dicio
919 858 1388 923 consistendum
1453 877 1586 922 esse
1634 861 1959 939 censeant3
2030 861 2096 923 et
2140 859 2366 923 horum
2436 859 2684 923 decreto
2749 859 3076 942 utrinque

690 964 1212 1046 acquiescendum
1281 984 1431 1029 esse.
1484 1003 1566 1013 —
1618 966 1710 1029 De
1772 970 2127 1029 commeatu
2196 984 2444 1049 quoque
2510 965 2717 1030 dando
2797 968 3065 1029 senatus

690 1089 907 1134 causas
954 1071 1289 1150 audivisse,
1358 1090 1473 1135 cur
1518 1072 1690 1136 solus
1739 1071 2030 1154 princeps
2076 1072 2145 1134 in
2192 1069 2570 1153 quibusdam
2617 1070 2882 1134 casibus
2937 1070 3070 1134 sibi

688 1194 833 1240 eum
866 1175 1161 1241 vindicet.
1201 1215 1282 1224 —
1318 1177 1727 1258 Eruptionem
1763 1177 1951 1241 etiam
1989 1176 2239 1240 civilem
2289 1177 2429 1258 plus
2453 1176 2847 1240 incommodi
2863 1196 3066 1259 quam

690 1282 1002 1346 commodi
1071 1282 1482 1362 allaturam·;
1556 1283 1862 1366 aequitati
1930 1302 2174 1365 quoque
2241 1282 2561 1346 adversari
2619 1282 2689 1346 in
2735 1281 3070 1364 principis

690 1387 1194 1453 iurisdictionem
1260 1388 1498 1452 irruere
1544 1408 1804 1471 eamque
1850 1389 2196 1471 praefracte
2243 1388 2515 1452 *violare
2562 1406 2752 1470 supra
2804 1387 3067 1452 dictum

689 1497 804 1559 est.
877 1496 953 1559 Se
999 1499 1209 1559 tamen
1257 1515 1295 1559 a
1326 1499 1544 1559 senatu
1594 1495 1660 1558 in
1710 1496 1990 1560 medium
2038 1496 2312 1560 adducta
2356 1494 2434 1559 ad
2481 1494 2843 1576 principem
2889 1494 3066 1558 rela-

685 1602 883 1664 turos,
967 1600 1137 1664 Illud
1186 1603 1400 1664 autem
1446 1601 1523 1664 ab
1571 1600 1711 1683 ipso
1759 1620 1824 1665 se
1869 1604 2312 1665 consecuturos
2360 1618 2624 1683 sperare,
2675 1604 2750 1664 ut
2799 1601 3065 1664 civibus

688 1725 1114 1787 oppressorem
1164 1725 1273 1770 seu
1324 1707 1567 1771 hostem
1610 1726 1797 1772 suum
1846 1708 1910 1770 in
1958 1706 2398 1771 iurisdictione
2445 1705 2788 1788 principali
2839 1725 3061 1788 perse-

687 1811 799 1894 qui
845 1814 909 1875 et
953 1811 1416 1894 apprehendere
1463 1813 1667 1887 liceat,
1718 1814 1772 1877 si
1814 1816 2022 1877 tamen
2071 1813 2136 1877 id
2183 1813 2320 1877 sine
2351 1812 2756 1876 subditorum
2807 1812 3061 1876 incom-

686 1917 871 1982 modo
919 1919 1029 1983 fiat
1077 1922 1142 1981 et
1187 1919 1509 1982 maleficus
1557 1921 1840 2001 satrapae
1888 1938 1998 1983 seu
2043 1918 2228 2001 praef
2258 1920 2378 1999 ct0‚
2429 1918 2494 1981 in
2526 1918 2710 1982 cuius
2760 1916 3061 1981 dominio

687 2025 1115 2107 apprehensus
1165 2025 1269 2106 sit,
1316 2025 1623 2089 tradatur.

902 2131 1166 2195 Senatus
1213 2131 1314 2194 his
1362 2132 1759 2212 exasperatus
1807 2131 1873 2193 in
1920 2130 2314 2194 abdicatione
2375 2129 2787 2211 magistratus
2837 2148 3060 2210 perse-

688 2238 880 2301 verat.
943 2237 1039 2300 Ad
1089 2236 1250 2319 quod
1302 2236 1682 2301 consiliarii:
1733 2257 1797 2300 se
1828 2256 1866 2300 a
1896 2236 2183 2318 principe
2231 2236 2365 2300 eius
2413 2234 2502 2297 rei
2551 2234 2795 2298 nullam
2846 2252 3059 2317 neque

686 2343 1188 2407 commissionem
1239 2361 1437 2425 neque
1484 2342 1958 2424 permissionem
2005 2341 2268 2419 habere;
2318 2339 2558 2404 hortari
2606 2342 2820 2403 autem
2874 2360 2942 2404 se
2989 2344 3059 2404 et

686 2447 960 2511 fideliter
991 2449 1319 2513 admonere
1353 2450 1658 2526 senatum,
1711 2467 1786 2510 ne
1820 2446 2027 2511 officia
2059 2466 2190 2527 sua,
2240 2446 2611 2529 priusquam
2645 2444 2800 2509 haec
2835 2447 3058 2510 omnia

685 2555 765 2619 ad
810 2554 1159 2638 principem
1208 2556 1575 2631 referantur,
1650 2553 1938 2635 deponat.
2034 2554 2110 2618 Se
2160 2574 2283 2618 non
2328 2554 2620 2617 dubitare
2690 2553 3051 2637 principem

684 2661 1024 2724 clementer
1078 2661 1156 2724 ad
1206 2660 1416 2724 omnia
1477 2679 1940 2741 responsurum.
2036 2660 2304 2724 Senatus
2352 2678 2424 2722 ea
2468 2657 2604 2741 lege
2664 2662 2926 2740 annuit,
2977 2662 3054 2724 ut

685 2765 863 2830 brevi
910 2767 1034 2830 sibi
1082 2767 1548 2849 respondeatur,
1608 2767 1789 2829 cuius
1838 2766 2034 2830 animi
2084 2767 2375 2848 princeps
2422 2766 2526 2829 sit.
2607 2764 2788 2844 Quod
2837 2766 3052 2830 consi-

687 2872 858 2936 liarii
904 2893 968 2937 se
1015 2873 1179 2955 apud
1252 2871 1602 2954 principem
1673 2873 2001 2936 effecturos
2073 2873 2470 2954 pollicentur.
2563 2872 2683 2935 His
2730 2872 2826 2935 ita
2888 2869 3049 2935 actis

688 2978 1149 3060 digrediuntur.

901 3084 1059 3149 Cum
1120 3087 1328 3148 autem
1377 3085 1453 3149 de
1500 3086 1882 3167 reipublicae
1945 3087 2145 3150 forma
2211 3084 2452 3148 mitiori
2500 3087 2563 3149 et
2621 3084 3052 3149 tolerabiliori

686 3189 1003 3254 reddenda
1050 3194 1160 3254 aut
1204 3190 1473 3272 pristina
1542 3191 1764 3255 saltem
1835 3191 2259 3274 recuperanda
2303 3191 2477 3255 ultra
2535 3190 3052 3273 quinquennium

685 3296 814 3360 iam
859 3316 1005 3360 cum
1054 3297 1336 3378 principe
1387 3301 1600 3361 actum
1649 3302 1812 3361 esset
1859 3317 2057 3380 neque
2103 3298 2239 3379 ipse
2301 3297 2593 3380 princeps
2640 3296 3055 3361 vehementer

686 3402 956 3466 offensus
988 3403 1425 3466 iusiurandum
1461 3405 1782 3468 remittere
1817 3405 2023 3482 vellet,
2074 3403 2413 3467 sedatiores
2447 3402 2703 3484 quidam
2741 3402 3054 3466 senatorii

685 3506 925 3571 ordinis
973 3507 1096 3571 alio
1142 3508 1325 3571 modo
1373 3528 1517 3572 cum
1593 3509 1877 3591 principe
1926 3509 2159 3572 off·÷nso
2221 3508 2533 3591 agendum
2580 3527 2714 3571 esse
2760 3511 3050 3588 censent,

686 3613 742 3677 si
766 3613 1102 3696 privilegia
1124 3615 1385 3697 antiqua
1409 3616 1537 3679 siut
1570 3616 1994 3697 recuperanda
2015 3620 2052 3679 ¹.
2103 3616 2503 3680 Hermaunus
2535 3614 2748 3698 itaque
2773 3615 3047 3697 Heerde,

899 3789 948 3856 ι)
987 3791 1124 3843 Ma:
1160 3790 1471 3844 allaturum.

906 3985 943 4053 ¹)
980 3985 1098 4040 Von
1135 3985 1255 4039 hier
1291 4004 1358 4039 an
1400 3988 1609 4040 stimint
1647 3986 1874 4040 Kerss.²s
1913 3986 2139 4040 Bericht
2179 3986 2378 4040 wieder
2413 3988 2468 4039 in
2508 3986 2610 4039 den
2649 3985 3042 4055 Hauptsachen

680 4074 784 4127 mit
821 4073 941 4126 dem
998 4075 1055 4127 in
1093 4073 1189 4127 der
1230 4075 1467 4138 ,Korten
1503 4076 1843 4144 autokunge·‘
1887 4076 2126 4129 iiberein.
2203 4076 2364 4130 Diese
2401 4075 2501 4128 hat
2554 4075 2711 4129 keine
2768 4074 3042 4128 Kenutnis

680 4178 785 4215 von
822 4162 925 4215 den
965 4162 1099 4215 eben
1152 4179 1252 4215 von
1290 4163 1468 4216 Kerss.
1510 4164 1874 4233 mitgeteilten
1915 4162 2391 4231 Verhandlungcn.
2465 4161 2840 4217 Unrnittelbar
2874 4162 3041 4215 nach-

682 4248 801 4303 dem
840 4249 938 4304 das
973 4250 1264 4320 Regiment
1302 4251 1395 4305 des
1433 4252 1787 4306 Siatthaltors
1827 4252 1937 4305 und
1975 4253 2151 4305 seincr
2175 4252 2378 4306 Diener
2414 4250 2497 4304 als
2535 4250 2621 4304 ein
2661 4251 3042 4320 tyrannisches

681 4336 1121 4393 charakterisiert
1158 4340 1248 4407 ist,
1304 4339 1473 4392 heisst
1515 4357 1570 4392 es
1608 4339 1732 4393 dort
1773 4343 1982 4394 weiter:
2028 4339 2130 4406 „So
2169 4355 2278 4393 nun
2318 4338 2402 4393 dit
2443 4337 2644 4393 durede
2686 4339 2774 4393 int
2808 4340 3041 4394 sevende
