3259 5075
1159 238 1344 302 Auno
1405 239 1566 302 1535
1613 239 1770 301 acta.
2509 238 2635 300 785

498 413 975 478 Dreierschenia
1043 434 1170 480 11011
1242 416 1487 478 tantum
1554 413 1741 495 Billi,
1814 433 2035 478 verum
2095 414 2288 478 etiam
2344 414 2634 478 Werneri

286 517 617 582 Scheiffers
665 518 1033 583 defectionis
1081 520 1356 599 conscia,
1421 537 1607 601 quem
1655 519 1876 599 etiam,
1927 539 2004 583 ne
2049 520 2215 584 inter
2260 520 2635 585 elabendum

284 623 613 707 quibusvis
660 625 835 707 fidat,
885 624 1286 708 praemonuit
1332 624 1488 708 (sibi
1522 625 1692 688 enim
1724 626 1999 689 extrema
2030 643 2068 689 a
2099 644 2258 708 rege,
2308 625 2433 690 nisi
2481 646 2632 707 pru-

283 730 534 795 dentius
568 749 701 796 rem
747 732 1065 812 instituat,
1114 734 1337 815 parata
1381 732 1566 814 esse),
1616 732 1695 796 ob
1728 730 1789 793 id
1830 731 1899 795 in
1931 731 2225 796 coenobio
2258 751 2294 797 a
2324 732 2487 797 valle
2532 751 2634 797 ro-

284 856 496 901 sarum
542 844 907 921 nuncupato
955 838 1035 903 ad
1080 838 1325 922 aliquot
1369 837 1503 902 dies
1551 840 1734 919 capta
1780 837 2117 901 detinetur.

496 943 854 1027 Margareta
883 944 1214 1009 Tunekens
1244 944 1416 1008 Billo
1463 943 1680 1008 literas
1728 962 1841 1026 pro
1878 943 2086 1027 gratia
2129 943 2524 1026 impetranda
2554 944 2631 1008 ad

280 1048 711 1114 Raesfeldium
755 1050 1151 1133 perferendas
1199 1050 1546 1115 tradiderat
1576 1052 1641 1114 et
1675 1048 2010 1133 pecuniam
2054 1050 2395 1133 publicam,
2445 1068 2635 1133 quam

282 1173 496 1219 secum
543 1155 789 1221 exitura
832 1176 947 1240 pro
993 1158 1223 1223 viatico
1269 1157 1480 1237 ferret,
1532 1158 1946 1222 subtraxerat.

493 1261 678 1327 Anna
722 1262 969 1327 Hoenes
1014 1265 1339 1347 Tymanno
1409 1262 1817 1345 Groningano
1885 1261 2164 1345 quinque
2231 1262 2496 1327 florenos
2564 1262 2633 1326 in

281 1370 610 1451 sumptum
656 1368 874 1451 effugii
922 1368 1195 1451 dederat,
1245 1368 1411 1452 quod
1460 1368 1691 1450 0001110,
1741 1388 1820 1433 110
1867 1366 2064 1432 simili
2113 1386 2177 1431 se
2223 1368 2441 1450 postea
2485 1386 2632 1432 con-

280 1473 638 1555 taminaret,
688 1494 931 1539 carcere
964 1474 1284 1557 expiatum
1315 1476 1430 1539 est.
1491 1474 1678 1539 Nunc
1708 1493 1853 1539 vero
1887 1472 2227 1555 superioris
2261 1472 2385 1537 sibi
2430 1472 2633 1537 factae

278 1579 520 1663 gratiae
577 1579 908 1644 immemor
950 1579 1121 1643 Billo
1168 1580 1307 1645 octo
1353 1580 1618 1645 florenos
1681 1578 2208 1661 suppeditaverat.
2302 1579 2634 1643 Praeterea

278 1685 457 1751 iuxta
501 1687 746 1750 arctum
792 1686 1208 1769 ponticulum,
1259 1704 1382 1770 quo
1413 1684 1538 1749 iter
1567 1686 1665 1749 est
1710 1684 1790 1749 ad
1820 1682 2347 1765 Transfluvianos‚
2405 1685 2483 1748 17
2518 1685 2632 1750 flo-

278 1810 459 1855 renos
506 1793 787 1872 repertos
834 1790 901 1855 in
950 1793 1386 1874 contemptum
1431 1790 1589 1874 regii
1638 1789 1832 1854 edicti
1877 1788 1945 1854 in
1977 1807 2305 1854 commune
2351 1808 2477 1854 non
2523 1790 2631 1853 de-

277 1897 451 1978 tulit,
507 1896 615 1962 sed
664 1896 785 1961 sibi
837 1896 1110 1962 servavit
1155 1898 1220 1962 et
1265 1899 1382 1962 sub
1428 1899 1597 1962 tecto
1645 1896 1867 1961 domus
1914 1914 2062 1961 suae
2108 1894 2412 1961 condidit.

491 2003 760 2085 Propter
789 2003 943 2068 haec
973 2003 1270 2086 enormia,
1320 2003 1376 2069 si
1407 2003 1531 2069 diis
1569 2003 1796 2086 placet,
1847 2001 2092 2085 flagitia
2120 2001 2291 2085 capti
2319 2001 2390 2065 in
2420 2001 2630 2066 forum

278 2109 741 2192 protrahuntur
785 2112 849 2175 et
895 2109 1306 2176 decollantur.
1384 2109 1544 2175 Cum
1588 2128 1735 2174 vero
1783 2106 2059 2173 carnifex
2104 2107 2172 2172 in
2218 2106 2402 2172 caede
2446 2107 2628 2172 Drei-

277 2214 635 2280 erscheniae
681 2213 757 2279 *a
800 2214 964 2280 valle
1034 2234 1319 2281 rosarum
1377 2215 1457 2280 ad
1515 2213 1900 2297 supplicium
1966 2214 2320 2295 protractae
2387 2212 2628 2278 tardior
2651 2230 2680 2261 ⁸
2697 2249 2750 2301 p.
2790 2230 2914 2288 590.

275 2320 451 2386 visus
498 2323 679 2401 esset,
726 2321 1336 2405 Knipperdollingus
1383 2321 1593 2405 gladio
1626 2341 1660 2386 e
1690 2339 1884 2385 manu
1926 2319 2241 2385 carnificis
2275 2321 2454 2402 rapto
2488 2318 2627 2384 offi-

276 2426 449 2492 cium
492 2426 671 2492 illius
718 2427 965 2512 peregit
1008 2447 1209 2511 neque
1241 2429 1481 2492 amicus
1528 2427 1764 2492 amicae
1810 2426 2091 2510 pepercit
2135 2444 2335 2509 neque
2377 2425 2629 2490 horruit

276 2552 421 2598 eum
467 2532 728 2598 fundere
776 2534 1172 2617 sanguinem,
1240 2554 1360 2619 quo
1409 2554 1590 2618 saepe
1638 2532 2061 2613 concaluerat,
2127 2552 2327 2616 neque
2372 2530 2629 2597 erubuit

275 2639 593 2704 crudelem
639 2639 699 2703 ei
745 2659 808 2704 se
855 2640 1144 2705 exhibere
1190 2641 1463 2724 hostem,
1534 2641 1716 2706 0111110
1763 2639 2155 2724 amplexibus
2200 2640 2369 2704 fotus
2415 2638 2628 2703 veneri

275 2745 608 2829 aliquoties
670 2744 1039 2811 indulserat.
1132 2746 1252 2810 Ille
1297 2765 1442 2811 vero
1497 2745 1775 2811 furorem
1821 2764 2009 2811 suum
2069 2763 2368 2809 excusans
2414 2743 2625 2808 Patris

275 2871 340 2917 se
387 2851 699 2915 instinctu
745 2850 1057 2935 agitatum
1102 2851 1484 2934 proclamat;
1546 2851 1726 2916 illius
1773 2852 1935 2916 nutu
1982 2852 2047 2915 et
2092 2850 2355 2915 arbitrio
2402 2868 2625 2914 manus

273 2976 417 3023 suas
463 2959 711 3040 praeter
754 2955 1117 3041 opinionem
1161 2976 1342 3022 suam
1385 2956 1455 3021 in
1486 2956 1738 3021 sceleris
1783 2955 2134 3020 vindictam
2178 2957 2522 3020 commotas
2559 2956 2627 3019 et

271 3062 584 3146 impulsas
631 3065 825 3128 esse1.

486 3168 793 3234 Matthias
841 3186 1086 3253 quoque
1115 3167 1443 3250 ArschiuS,
1493 3186 1639 3233 cum
1684 3166 1955 3232 advenae
1986 3165 2238 3231 cuidam
2270 3184 2446 3231 arma
2472 3185 2625 3230 ven-

272 3274 541 3340 didisset
584 3276 650 3339 et
694 3294 732 3339 a
774 3276 1069 3340 Turbano
1114 3273 1285 3338 Billo
1330 3274 1487 3339 duos
1536 3275 1800 3340 florenos
1846 3271 2239 3356 Philippices
2285 3271 2626 3355 accepisset

271 3383 460 3465 atque
492 3380 583 3445 ita
613 3381 911 3446 adversus
942 3380 1109 3466 regis
1156 3379 1437 3445 edictum
1481 3380 1750 3464 pecunia
1778 3378 2235 3445 interveniente
2265 3378 2622 3462 negotiatus

268 3486 498 3551 fuisset
517 3488 558 3568 ²,
611 3487 715 3551 25.
762 3485 1094 3551 Februarii
1133 3484 1344 3570 gladio
1389 3505 1604 3552 caesus
1653 3486 1768 3551 est.
2651 3505 2718 3548 25.
2748 3501 2892 3547 Febr.

486 3680 529 3746 ¹)
566 3679 717 3734 Ganz
756 3679 1049 3750 allgemein
1100 3682 1229 3749 sagt
1262 3679 1330 3734 H.
1372 3678 1708 3734 Gresbeck
1744 3679 1799 3734 S.
1838 3680 1929 3735 72:
1986 3679 2089 3747 „So
2127 3679 2228 3734 hat
2262 3679 2623 3750 Knipperdol-

264 3766 423 3837 lingk
458 3767 613 3822 1110111·
648 3768 846 3824 lueden
883 3769 973 3823 die
996 3769 1134 3839 keep
1170 3769 1227 3821 in
1254 3767 1350 3822 der
1374 3770 1489 3822 stat
1513 3767 1885 3838 afgehouwen,
1923 3768 2031 3822 dan
2065 3767 2102 3822 J
2104 3768 2248 3823 ohan
2270 3785 2376 3822 von
2400 3767 2622 3836 Laidem

264 3860 445 3911 wante
480 3856 973 3928 Knipperdollingk
1009 3873 1119 3911 was
1169 3855 1266 3910 dat
1300 3855 1533 3911 echwert
1567 3855 1807 3911 befollen
1859 3857 1964 3911 mit
2000 3856 2103 3910 den
2139 3857 2360 3911 irsten.“
2435 3856 2621 3927 Vergl.

265 3945 405 4000 dazu
443 3944 582 3999 oben
636 3945 692 4002 S.
728 3945 848 4002 573.
921 3945 991 4000 In
1034 3946 1238 4000 00111οι11
1294 3947 1474 3999 ersten
1509 3943 1750 4001 Verbere
1805 3962 1893 3999 am
1929 3945 2017 4000 25.
2053 3944 2170 3999 Juli
2212 3944 2350 3999 1535
2404 3944 2626 4015 gesteht

263 4032 722 4104 Knipperdolling
777 4033 950 4088 selbst
984 4049 1051 4087 zu
1109 4033 1176 4102 (0.
1214 4032 1269 4086 J.
1303 4031 1360 4086 N
1373 4032 1595 4087 iesert
1630 4049 1681 4087 a.
1707 4049 1756 4087 a.
1782 4031 1846 4088 Ο.
1883 4033 1939 4088 S.
1980 4032 2107 4097 188;
2161 4032 2331 4103 vergl.
2370 4032 2510 4088 auch
2545 4032 2622 4087 M.

266 4121 425 4188 G.-Q.
460 4119 541 4190 11,
576 4119 726 4190 378),
767 4137 859 4188 „er
893 4121 1068 4176 hebbe
1103 4122 1383 4176 umbtrent
1420 4122 1483 4174 11
1525 4119 1657 4175 oder
1687 4121 1750 4174 12
1786 4122 1891 4175 mit
1926 4137 2088 4191 syner
2122 4120 2299 4175 handt
2333 4120 2626 4191 gerichtet,

264 4209 366 4264 ock
402 4208 633 4264 etzliche
667 4209 774 4263 mit
809 4209 1072 4264 schruven
1107 4225 1181 4280 up
1220 4208 1325 4264 den
1360 4209 1535 4263 benen
1574 4209 1922 4280 gepyniget.“

478 4295 524 4365 ¹¹)
558 4296 685 4368 Vgl.
725 4298 863 4354 oben
901 4298 957 4354 S.
996 4297 1100 4352 768
1134 4296 1350 4353 Artikel
1391 4297 1475 4353 16.

2401 4387 2491 4452 26
