3259 5075
1150 307 1333 374 Anno
1386 308 1558 374 1534
1603 309 1762 373 acta.
2497 305 2630 371 547

273 488 556 572 primum
612 486 784 553 inter
828 485 1033 552 exusti
1078 485 1454 551 Mauritiani
1500 484 1754 569 collegii
1800 483 2029 548 rudera
2075 485 2140 548 et
2182 482 2461 564 savium,
2531 481 2636 547 cui

274 594 601 659 Wilkinus
637 594 998 678 StedinguS,
1048 594 1172 658 etsi
1215 592 1415 657 totius
1462 611 1709 677 quoque
1755 590 2078 673 peditatus
2120 589 2248 654 dux
2293 588 2635 672 primarius

275 701 490 782 fuerit,
540 700 947 783 peculiariter
976 699 1282 784 praefuit3
1334 698 1682 765 secundum
1714 701 1859 763 ante
1900 698 2149 780 portam
2170 695 2637 779 Ludgerianam

278 809 351 872 in
397 827 547 891 agro
593 807 901 889 avenario,
951 806 1132 871 cuius
1180 806 1444 871 Ioannes
1485 791 1857 889 Gorytzerus
1902 803 2238 887 Reynanus
2286 801 2641 867 moderator

275 914 438 996 fuit3
487 914 754 979 tertium
798 913 877 978 ad
926 914 1176 1006 portam
1205 911 1622 996 Aegidiauam
1668 911 1736 976 in
1783 911 1919 975 loco
1965 908 2296 973 humiliori
2342 910 2406 973 et
2452 909 2640 973 sabu-

274 1021 413 1086 loso
457 1020 636 1085 iuxta
679 1020 848 1085 viam
895 1019 1248 1103 publicam,
1322 1018 1489 1103 quod
1535 1037 1573 1082 a
1618 1016 2047 1082 Misnensibus
2117 1015 2435 1079 militibus
2481 1015 2639 1079 Mis-

275 1146 473 1192 nense
520 1125 912 1210 appellatum
955 1126 1102 1207 fuit,
1153 1126 1259 1190 cui
1302 1126 1603 1190 Albertus
1636 1124 1917 1189 Beltzius
1964 1122 2256 1207 praefuit.
2324 1121 2448 1202 Qui
2495 1140 2641 1186 cum

274 1233 744 1316 expeditionem
790 1232 1062 1315 primam
1094 1232 1172 1296 ad
1206 1233 1428 1296 urbem
1474 1231 1770 1312 facerent,
1816 1228 2071 1312 praedio
2104 1228 2345 1292 domini
2376 1227 2644 1294 Gerardi

273 1340 359 1403 de
390 1338 839 1404 Pletteuberch
885 1338 954 1402 in
1000 1338 1287 1421 paroecia
1318 1319 1911 1402 Sendenhorsthana
1957 1335 2079 1399 sito
2112 1334 2246 1399 sine
2277 1352 2482 1415 causa,
2534 1332 2642 1398 sed

275 1446 594 1529 singulari
641 1444 907 1510 nocendi
952 1443 1220 1509 libidine
1264 1442 1335 1508 in
1381 1442 1622 1507 clerum
1669 1439 1915 1506 accensi
1959 1441 2243 1505 flammas
2290 1439 2643 1504 iniecerunt

272 1551 572 1635 illudque
639 1550 896 1634 penitus
942 1551 1330 1614 exusserunt.
1426 1547 1514 1613 Hi
1559 1567 1807 1631 quoque
1853 1548 2106 1611 tantum
2173 1546 2470 1611 audaciae
2518 1545 2642 1610 sibi

275 1659 650 1741 arroganter
702 1657 1088 1737 tribuebant,
1139 1656 1231 1736 ut,
1280 1674 1427 1720 cum
1472 1655 1697 1719 urbem
1742 1652 1987 1717 eminus
2050 1652 2467 1733 intuerentur,
2519 1670 2643 1717 non

274 1783 444 1847 opus
477 1782 610 1828 esse
651 1762 730 1828 ad
761 1782 907 1828 eum
938 1762 1224 1828 viculum
1270 1760 1757 1845 expugnandum
1790 1758 1985 1824 tantis
2018 1759 2279 1840 viribus,
2330 1757 2640 1823 machinis

276 1872 351 1935 et
396 1872 706 1953 apparatu
773 1869 1002 1935 bellico
1049 1868 1478 1950 clamitarent,
1550 1866 1783 1932 minori
1829 1866 1996 1930 enim
2046 1884 2111 1929 se
2157 1866 2342 1930 illum
2391 1865 2641 1949 negotio

275 1978 352 2041 et
382 1976 574 2041 citius
608 1977 1027 2056 subacturos⁸,
1079 1995 1267 2060 quam
1299 1994 1490 2058 panes
1521 1974 1738 2056 tepido
1770 1973 1908 2037 iure
1955 1971 2259 2055 perfusos,
2331 1971 2642 2051 Quartum

277 2083 434 2148 inde
480 2101 661 2147 amne
731 2083 1112 2148 interluente
1161 2082 1240 2148 ad
1284 2085 1533 2165 portam
1578 2080 1932 2146 Marianam
1988 2078 2160 2143 haud
2205 2080 2299 2144 ita
2342 2078 2562 2163 procul
2607 2097 2645 2143 a

274 2189 486 2270 Telta,
537 2188 929 2272 amplissimo
962 2191 1026 2255 ct
1062 2188 1515 2255 fecundissimo
1547 2189 1748 2271 prato,
1797 2186 1962 2271 quod
1994 2184 2343 2251 Hermanni
2375 2184 2644 2250 Sittardi

279 2295 468 2360 ducis
531 2295 793 2378 imperio
855 2295 1099 2378 paruit;
1172 2295 1466 2378 quintum
1516 2293 1595 2358 ad
1655 2294 1903 2376 portam
1948 2290 2421 2356 Iudefeldanam
2467 2291 2644 2355 iuxta

281 2420 623 2485 porcorum
663 2401 1015 2484 aquarium,
1064 2399 1233 2485 quod
1264 2401 1328 2464 et
1357 2398 1763 2464 Geldriacum
1797 2417 1834 2461 a
1863 2397 2181 2462 militibus
2214 2399 2280 2462 et
2310 2396 2641 2464 Geldriaco

280 2506 447 2572 duce
493 2507 795 2591 primario
841 2507 1113 2591 Egberto
1139 2508 1457 2573 Devereno
1489 2505 1958 2587 denominatur3
2008 2507 2252 2570 sextum
2284 2504 2360 2569 ad
2394 2505 2643 2588 portam

283 2613 511 2679 Crucis
543 2613 831 2679 Clivense
875 2616 1251 2698 appellatur,
1301 2613 1482 2679 cuius
1530 2614 1778 2697 sceptra
1820 2612 2200 2677 Laurentius
2239 2610 2640 2676 Horsthanus

281 2719 530 2801 tenuit3
579 2720 922 2803 septimum
965 2722 1140 2786 trans
1188 2739 1437 2785 amnem
1481 2718 1562 2784 ad
1592 2718 1827 2784 molam
1872 2716 2371 2800 Enickiuganam
2390 2719 2413 2755 ¹
2444 2716 2642 2781 Swer-

282 2826 515 2891 husius
546 2827 725 2891 rexit.
791 2826 1040 2910 Septem
1072 2826 1333 2910 proinde
1363 2826 1654 2909 peditum
1685 2823 1986 2889 stationes
2017 2824 2082 2887 et
2112 2824 2318 2887 castra
2362 2820 2642 2886 *circum
2667 2839 2696 2869 ¹·
2712 2856 2767 2911 p.
2801 2838 2933 2895 466,

284 2934 514 2997 urbem
545 2932 970 3016 disponuntur
1000 2933 1351 3017 validisque
1381 2932 1666 2996 militum
1696 2928 2029 3013 praesidiis
2060 2929 2416 2994 firmantur.
2473 2927 2643 2993 Hinc

285 3038 604 3103 matutino
669 3040 952 3122 tempore
996 3040 1126 3104 diei
1170 3040 1410 3123 primae
1455 3038 1676 3103 Martii
1720 3036 2013 3121 magistri
2082 3033 2640 3117 stipendiariorum
2668 3055 2708 3098 1.
2737 3049 2895 3098 mn,

283 3144 579 3228 equitum
624 3144 943 3227 pedestres
988 3145 1295 3210 exercitus
1343 3145 1817 3227 subsequuntur
1861 3144 1925 3207 et
1969 3141 2035 3206 in
2068 3141 2223 3206 locis
2270 3138 2642 3225 propinqui-

291 3252 509 3316 oribus
556 3251 752 3333 urbis,
805 3253 979 3316 extra
1023 3251 1263 3316 iactum
1307 3253 1521 3316 tamen
1567 3251 1952 3315 urbanorum
2000 3247 2271 3313 telorum
2319 3245 2642 3311 stabulan—

285 3361 417 3439 tur,
468 3376 735 3441 quorum
778 3357 1147 3423 Fredericus
1194 3359 1273 3422 ab
1319 3358 1494 3422 Eller
1540 3376 1687 3422 cum
1733 3355 1867 3421 suis
1913 3355 1992 3420 ad
2039 3353 2530 3437 septentrionem
2576 3352 2642 3417 in

291 3464 722 3529 Evinckhovio
769 3466 974 3530 castra
1004 3465 1287 3546 collocat,
1336 3463 1649 3529 Henricus
1683 3482 1719 3528 a
1750 3461 2182 3528 Schonebecke
2227 3461 2308 3525 ad
2353 3479 2645 3526 occasum

291 3570 363 3635 in
410 3571 914 3654 Kokelenburgo‚
963 3570 1279 3636 Gerardus
1311 3570 1388 3635 de
1435 3571 1641 3635 Recke
1687 3569 1765 3634 ad
1813 3569 2171 3653 aquilonem
2215 3569 2285 3633 in
2329 3566 2645 3633 Hakelen-

507 3782 556 3852 ⁸)
595 3782 705 3837 Mc.
716 3801 733 3834 :
769 3784 1134 3838 subacturum.

291 3997 350 4050 in
377 3995 499 4050 dem
524 4012 583 4050 er
605 3996 710 4050 den
733 3994 1050 4050 Amtleuten
1074 3994 1316 4063 befiehlt,
1351 3995 1613 4049 Proviant
1647 3996 1703 4048 in
1730 3993 1819 4048 die
1844 3994 2021 4064 Lager
2047 4009 2113 4047 zu
2138 3991 2396 4061 schaffen,
2432 3990 2647 4045 werden

289 4084 473 4154 Lager
512 4088 602 4150 „to
638 4084 1077 4152 Enekenckhove,
1127 4101 1224 4139 vor
1259 4084 1327 4138 de
1362 4083 1398 4138 J
1400 4083 1605 4138 odefelt
1641 4088 1859 4154 porten,
1914 4099 2010 4137 vor
2046 4081 2218 4136 Sunte
2254 4079 2399 4135 Ilien
2434 4082 2647 4149 portem

289 4177 352 4228 to
390 4173 563 4228 Sunte
598 4173 906 4242 Mauritius,
944 4177 1060 4228 tom
1093 4172 1473 4228 Koldenhove“
1516 4172 1826 4242 angesiihrt.

511 4281 554 4349 ¹)
593 4280 698 4333 Zur
733 4279 1136 4350 Enkingmfihle
1171 4297 1267 4334 vor
1304 4279 1425 4334 dem
1461 4279 1516 4333 N
1518 4278 1967 4346 eubriickenthor,
2006 4276 2093 4345 da,
2131 4294 2212 4331 wo
2239 4277 2346 4331 seit
2370 4274 2511 4331 1884
2547 4275 2648 4331 das

287 4367 595 4422 sffldtische
631 4367 1027 4422 Schlachthaus
1084 4368 1201 4423 sich
1234 4368 1491 4436 befindet,
1548 4385 1592 4422 s.
1628 4368 1694 4423 A.
1732 4367 1967 4422 Tibus:
2006 4366 2112 4421 Die
2148 4365 2313 4421 Stadt
2346 4366 2422 4421 M.
2465 4363 2523 4420 S.
2558 4366 2647 4421 24.

2435 4468 2559 4538 11*
