3259 5075
1140 319 1321 382 Anno
1377 319 1545 382 1534
1592 320 1747 382 acta.
2485 316 2615 380 695

271 513 395 558 non
443 493 730 559 dubitare
776 494 985 576 ipsum
1031 492 1229 558 totius
1279 493 1449 558 orbis
1496 493 1627 557 fore
1659 492 2081 557 monarcham.
2142 491 2262 556 His
2292 492 2476 557 rebus
2511 512 2617 556 rex

270 599 580 664 adductus
628 597 1266 682 Knipperdollingum
1313 617 1558 663 carcere
1602 597 1833 663 liberat
1879 616 2134 679 sperans
2180 597 2393 679 ipsum
2423 597 2615 680 regiis

271 705 501 770 studiis
548 704 1012 789 propensiorem
1043 705 1304 786 posthac
1335 705 1626 769 futurum
1648 706 1691 767 ¹.
1740 703 1862 768 Sed
1894 702 2230 786 captivitas
2261 703 2375 766 illa
2405 705 2618 767 manet

270 811 399 874 alta
444 813 654 874 mente
699 812 964 893 reposta.
1059 811 1200 875 Non
1246 811 1414 875 enim
1461 810 1667 873 solum
1731 809 1922 892 regiis
1971 809 2208 892 coeptis
2256 808 2617 873 clanculum

271 917 697 999 obstrepebat,
765 936 985 981 verum
1030 916 1223 981 etiam
1270 916 1551 981 officium
1598 914 1723 979 sibi
1792 915 2159 998 impositum
2218 917 2552 998 respuebat
2572 918 2613 980 ².

271 1023 449 1087 Unde
495 1042 603 1087 rex
647 1023 860 1105 ipsum
906 1023 1033 1087 sibi
1078 1023 1156 1087 ob
1202 1022 1640 1105 captivitatem
1688 1021 2074 1103 superiorem
2119 1022 2439 1087 infensum
2484 1042 2617 1087 esse

271 1130 545 1194 sentiens
578 1131 844 1195 eundem
874 1130 976 1195 his
1010 1130 1264 1212 scriptis
1298 1130 1591 1194 admonet
1623 1128 1870 1211 sibique
1902 1128 2300 1193 reconciliare
2347 1128 2610 1193 laborat.
2656 1186 2665 1197 .

1015 1288 1413 1389 *Epigraphe
1458 1305 1790 1369 literarum
1809 1305 1851 1368 ³.
2006 1286 2015 1295 ⁵
2641 1302 2739 1373 Ἴ».
2777 1302 2899 1360 546.

319 1464 676 1545 „Bernardo
721 1464 1309 1547 KnipperdollingO,
1372 1464 1578 1547 legato
1626 1464 1792 1547 regis
1838 1463 1985 1528 novi
2030 1463 2273 1545 templi,
2321 1464 2456 1529 viro
2504 1464 2572 1527 in

404 1570 591 1652 regiis
637 1570 908 1651 negotiis
968 1570 1314 1653 prudenter
1359 1572 1423 1635 et
1468 1569 1739 1635 sollicite
1784 1569 2186 1634 conficiendis
2234 1569 2480 1634 eximi0.

485 1712 803 1794 Sapientia
834 1711 1153 1776 Altissimi
1184 1713 1458 1776 mentem
1488 1714 1666 1775 tuam
1698 1711 1997 1792 illustret,
2048 1711 2237 1776 fidem
2269 1711 2612 1793 confirmet,

269 1816 673 1881 dilectionem
705 1818 1030 1900 adaugeat,
1080 1818 1361 1882 officium
1400 1819 1587 1881 tuum
1617 1817 1919 1881 beneflcio
1952 1818 2324 1899 compenset,
2360 1819 2423 1881 te
2455 1816 2617 1881 ditet

270 1927 334 1987 et
378 1923 458 1987 ad
503 1923 916 1988 hereditatem
966 1942 1287 2005 nunquam
1345 1922 1747 1986 interituram
1794 1922 2079 1985 deducat.
2144 1922 2378 1985 Amen!
2458 1921 2612 2002 Seis,

268 2047 407 2093 care
452 2028 666 2109 frater,
738 2030 905 2112 quod
952 2031 1015 2093 te
1061 2030 1217 2092 meis
1265 2028 1518 2111 scriptis
1579 2027 1980 2092 familiariter
2026 2027 2355 2091 admonere
2403 2027 2612 2109 velim,

268 2136 345 2198 ut
389 2133 731 2216 diligenter
775 2134 1058 2199 officium
1119 2138 1303 2199 tuum
1363 2134 1794 2216 administreS,
1867 2153 2012 2198 cum
2071 2132 2393 2215 intelligas
2454 2133 2618 2196 mihi

267 2239 658 2322 impossibile
689 2260 822 2304 esse
869 2241 1002 2305 sine
1032 2241 1470 2304 ministrorum
1502 2240 1619 2304 Dei
1670 2259 1784 2322 ope
1831 2259 2061 2322 regere,
2113 2240 2279 2303 sicut
2323 2257 2437 2303 nec
2482 2239 2619 2322 ipse

267 2346 437 2410 Deus
488 2347 622 2411 sine
665 2346 978 2412 ministris
1027 2347 1158 2410 suis
1206 2349 1505 2428 tanquam
1553 2345 1777 2410 mediis
1818 2345 2023 2410 causis
2070 2347 2134 2410 et
2177 2345 2619 2438 instrumentis

269 2453 607 2537 quicquam
653 2453 793 2517 vult
853 2452 1117 2536 operari.
1212 2453 1489 2536 Quisque
1535 2471 1683 2534 ergo
1730 2452 1799 2515 in
1846 2471 1959 2516 sua
2004 2452 2325 2516 vocatione
2394 2454 2618 2517 ambu-

267 2559 446 2624 labit.
513 2561 645 2642 Ego
679 2579 842 2640 vero,
892 2562 1201 2643 quantum
1245 2580 1357 2642 pro
1390 2559 1634 2623 viribus
1680 2558 1837 2623 meis
1884 2559 2083 2640 potui,
2134 2559 2211 2623 ad
2258 2560 2436 2642 regni
2470 2580 2616 2625 con-

270 2666 683 2730 servationem
748 2666 1074 2731 ministros
1138 2665 1447 2747 disposui,
1498 2665 1561 2729 te
1607 2684 1750 2728 vero
1814 2664 2119 2728 vicarium
2168 2685 2278 2729 seu
2337 2665 2618 2748 legatum

265 2790 480 2835 meum
525 2773 592 2836 in
639 2772 755 2836 hac
803 2772 958 2835 urbe
1022 2770 1351 2852 constitui,
1423 2769 1673 2834 etiamsi
1740 2789 2032 2851 praesens
2093 2770 2234 2834 sim.
2328 2771 2617 2853 Aequum

266 2876 468 2958 igitur
498 2880 610 2958 est,
662 2879 734 2941 ut
780 2876 1062 2941 officium
1108 2880 1292 2941 tuum
1340 2876 1551 2956 faciae,
1602 2875 1769 2939 sicut
1813 2877 1876 2938 te
1909 2875 2101 2939 decet.
2164 2876 2298 2940 Scis
2345 2895 2445 2939 me
2478 2895 2616 2940 ora-

268 2985 468 3047 torem
514 2987 578 3047 et
624 2983 1012 3048 consiliarios
1059 2982 1306 3062 habere,
1358 3001 1624 3064 quorum
1658 3000 1843 3063 opera
1888 2982 2200 3062 praesenti
2248 3000 2452 3045 carere
2490 3002 2615 3046 non

267 3108 543 3172 possum,
594 3089 704 3172 qui
750 3089 930 3169 mihi,
982 3106 1351 3171 quocunque
1398 3088 1590 3152 etiam
1636 3087 1825 3167 iver0,
1876 3106 2120 3169 semper
2165 3087 2376 3151 adsint
2408 3089 2470 3151 et
2514 3087 2614 3152 in-

268 3195 572 3278 serviant,
646 3196 879 3279 quibus
927 3214 1125 3259 unum
1195 3194 1470 3277 aliquem
1540 3192 1836 3276 praefeci,
1886 3192 2022 3275 qui,
2074 3192 2129 3256 si
2175 3192 2388 3275 aliqua
2432 3192 2501 3256 iu
2547 3212 2616 3257 re

266 3301 663 3383 dissentiant,
713 3321 816 3366 eos
848 3301 916 3365 in
949 3300 1346 3365 concordiam
1394 3318 1509 3363 sua
1539 3298 1915 3363 auctoritate
1946 3302 2190 3363 revocet
2208 3302 2253 3379 ⁴¹,
2303 3300 2375 3362 ut
2405 3298 2619 3363 omnia

265 3427 411 3472 cum
458 3406 677 3472 decore
708 3409 788 3487 et,
836 3410 911 3471 ut
942 3406 1222 3489 aequitas
1269 3404 1566 3487 postulat,
1617 3407 1904 3487 agantur,
1952 3405 2238 3488 quamvis
2286 3404 2462 3486 plebs
2511 3424 2616 3468 oc-

265 3514 578 3579 casionem
647 3514 792 3578 inde
840 3533 1091 3577 sumens
1137 3532 1237 3576 me
1283 3531 1547 3593 regnum
1592 3512 1657 3575 in
1708 3512 1904 3576 alium
1973 3510 2373 3575 transtulisse
2421 3510 2611 3575 dicat.

267 3620 502 3684 Verum
547 3620 659 3702 qui
704 3620 861 3684 falso
895 3622 958 3684 et
1002 3620 1493 3702 intemperanter
1538 3617 1663 3682 ista
1698 3618 2016 3698 effutiunt,
2065 3619 2319 3699 sperant
2364 3616 2616 3681 sublato

483 3851 524 3918 ¹)
562 3849 1021 3903 Bemerkenswert
1058 3849 1132 3901 ist
1169 3847 1255 3900 die
1291 3846 1506 3901 freilich
1542 3848 1600 3900 in
1631 3847 1807 3900 01110111
1843 3845 2076 3899 anderen
2117 3843 2615 3913 Zusammenhange

266 3938 502 4007 gethane
539 3937 880 4007 Aeul‘serung
916 3937 984 3990 Η.
1013 3935 1410 3990 Gresbeck’s
1448 3936 1502 3989 S.
1533 3936 1659 3989 110:
1703 3976 1745 4001 „.
1773 3974 1785 3987 .
1810 3975 1822 3986 .
1860 3935 1957 3987 der
1991 3932 2191 4003 konigk
2229 3932 2404 3985 konde
2440 3932 2611 4002 Knip-

264 4026 602 4097 perdullinck
657 4027 811 4080 nicht
849 4027 1122 4092 entberen,
1179 4024 1268 4077 hei
1306 4042 1413 4078 was
1451 4025 1557 4077 ime
1595 4025 1685 4077 ein
1739 4024 1861 4092 guit
1897 4020 2016 4076 blat
2050 4023 2106 4075 in
2145 4021 2240 4074 der
2286 4020 2503 4086 karten,
2540 4037 2615 4073 na

264 4116 385 4170 (10111
409 4116 543 4169 mail
581 4114 662 4168 als
687 4113 1170 4184 Knipperdollinck
1207 4112 1304 4166 dat
1326 4113 1594 4182 regiment
1628 4112 1771 4179 hatt,
1807 4110 1918 4164 und
1943 4127 2051 4163 was
2088 4109 2183 4162 des
2218 4108 2449 4177 konnigs
2475 4112 2611 4161 stat-

263 4204 466 4259 helder.
539 4203 644 4257 Hei
681 4221 789 4256 was
827 4203 923 4256 der
957 4203 1061 4256 irst
1095 4201 1206 4255 und
1242 4202 1339 4255 der
1374 4201 1526 4255 lest.“
1826 4233 1832 4240 0

480 4291 524 4356 ει1
559 4292 764 4361 Belegc
801 4290 961 4344 dafiir
1006 4291 1189 4343 bieten
1230 4289 1316 4342 die
1355 4287 1581 4353 Quellen
1617 4287 1788 4343 nicht.
1844 4316 1908 4325 —
1967 4285 2011 4352 ³)
2047 4286 2158 4339 Der
2193 4284 2351 4339 Brief
2398 4287 2473 4338 ist
2508 4301 2613 4338 nur

263 4380 434 4435 durch
470 4382 651 4436 Xerse.
688 4380 946 4434 bekannt.
985 4408 1051 4418 -
1091 4379 1136 4446 ⁴)
1175 4378 1450 4432 Christian
1487 4375 1866 4430 Kerckerinck.
1939 4373 2066 4444 vgl.
2103 4374 2238 4428 oben
2278 4374 2330 4428 S.
2369 4375 2490 4429 647.
