3259 5075
1172 247 1356 314 Anno
1406 247 1578 314 1533
1623 249 1782 314 acta.
2037 341 2042 346 ,
2518 248 2653 313 463

278 428 529 494 stratus
596 424 904 491 facultate
951 425 1016 490 et
1058 424 1374 507 permissu
1440 424 1599 489 bene
1644 441 1827 508 agere
1885 442 2131 508 semper
2173 423 2447 490 licuerit.
2540 424 2651 490 In-

280 534 537 600 sontem
579 533 795 617 itaque
825 531 1082 596 fabrum
1125 529 1434 613 pristinae
1478 529 1766 595 libertati
1810 529 2109 596 restituat
2154 531 2220 595 et
2263 530 2341 594 de
2373 530 2649 595 extremo

280 639 466 705 illius
514 637 827 722 supplicio
872 637 1114 703 frustra
1156 637 1432 721 cogitare
1464 636 1759 728 desinat..
1802 635 1880 703 Se
1910 635 2080 701 enim
2127 636 2430 702 tribulem
2461 655 2650 702 suum

279 744 618 811 innoxium
664 762 791 810 non
837 743 1212 809 deserturos,
1306 743 1427 808 His
1471 743 1685 808 verbis
1731 744 1986 809 senatus
2054 742 2453 827 propositum
2497 743 2649 808 flac-

282 851 502 933 cescit,
572 849 901 916 fabrorum
943 867 1090 915 vero
1134 850 1326 914 turba
1382 849 1589 915 acrius
1635 849 1855 915 instat.
1950 849 2214 915 Senatus
2262 848 2540 931 trepidat
2584 850 2651 914 et

280 958 695 1023 inumbrante
762 957 894 1022 iam
939 975 1197 1040 vespera
1254 974 1390 1021 rem
1433 956 1503 1020 in
1550 957 1917 1039 sequentem
1977 954 2147 1020 diem
2210 953 2650 1039 proferendam

281 1083 423 1131 esse
481 1065 726 1145 censet3
798 1064 1047 1129 noctem
1115 1061 1455 1127 consilium
1512 1061 1676 1127 utile
1743 1061 2055 1127 daturam.
2149 1060 2503 1127 Multitudo
2548 1082 2649 1128 re-

284 1170 589 1254 spondet:
657 1168 828 1233 Satis
876 1167 1002 1233 sibi
1048 1166 1472 1233 deliberatum
1517 1186 1670 1249 esse,
1720 1166 2038 1232 neminem
2081 1166 2320 1233 iniuria
2364 1167 2648 1234 afficien-

281 1276 461 1360 dum,
511 1274 866 1342 innocentis
910 1273 1283 1358 sanguinem
1313 1292 1441 1338 non
1471 1292 1605 1339 esse
1649 1271 2064 1356 fundendum,
2097 1292 2177 1338 ne
2209 1273 2460 1339 divinae
2503 1274 2648 1339 vin-

280 1382 497 1447 dictae
561 1378 1072 1465 magnitudinem
1116 1378 1186 1444 in
1232 1398 1298 1444 se
1357 1379 1684 1463 provocet3
1745 1379 2050 1444 miserum
2109 1398 2256 1463 ergo
2324 1379 2648 1446 hominem

280 1488 557 1572 paedore
588 1485 853 1553 carceris
898 1485 1317 1550 liberandum.
1390 1486 1656 1551 Senatus
1702 1484 1781 1550 de
1813 1484 2142 1551 seditionis
2186 1505 2405 1571 poena,
2455 1505 2649 1570 quam

282 1594 579 1677 captivus
625 1594 927 1676 dedisset,
997 1592 1127 1658 nisi
1169 1592 1563 1658 malleatores
1631 1592 2163 1673 intercessissent,
2233 1610 2491 1674 prorsus
2534 1592 2645 1658 de-

282 1702 534 1785 sperat;
583 1719 775 1784 quare
820 1699 1037 1782 ipsum
1080 1698 1388 1782 postridie
1434 1699 1780 1764 liberatum
1823 1698 1908 1764 iri
1950 1698 2293 1783 promittit.
2356 1698 2461 1764 Ibi
2504 1700 2647 1764 tum

280 1809 421 1873 tota
449 1805 831 1872 multitudo:
876 1804 1093 1887 ipsum
1123 1824 1250 1870 non
1293 1803 1620 1888 postridie,
1669 1823 1797 1869 non
1828 1823 1984 1887 cras,
2034 1823 2160 1871 non
2201 1804 2490 1888 sequenti
2521 1803 2643 1887 die,

282 1912 396 1979 sed
444 1913 657 1977 subito
702 1911 961 1977 iamiam
1007 1911 1282 1977 effractis
1322 1911 1517 1977 etiam
1560 1911 1831 1977 carceris
1878 1911 2201 1996 repagulis
2247 1911 2646 1995 eripiendum

280 2038 421 2085 esse
468 2018 773 2099 clamitat,
821 2017 948 2083 nisi
994 2019 1247 2083 senatus
1295 2017 1476 2083 iussu
1519 2017 1853 2083 relaxetur.
1920 2017 2057 2083 Hac
2101 2016 2430 2083 incondita
2474 2017 2645 2082 voci-

281 2124 591 2191 feratione
657 2123 982 2190 fabrorum
1029 2126 1285 2190 senatus
1331 2124 1400 2190 in
1446 2123 1729 2189 conclavi
1797 2123 2107 2190 senatorio
2169 2123 2431 2190 territus
2494 2143 2645 2190 suae

282 2231 483 2298 saluti
527 2231 836 2313 terrebat3
885 2250 1097 2315 quare,
1147 2231 1310 2315 quod
1361 2230 1652 2315 sequenti
1697 2229 1797 2295 die
1828 2231 1965 2295 erat
2008 2230 2319 2313 futurum,
2367 2230 2536 2295 illud
2579 2231 2647 2296 et

282 2357 454 2403 nunc
502 2337 637 2402 sine
680 2355 909 2421 magno
963 2336 1361 2403 incommodo
1407 2337 1551 2402 fieri
1591 2355 1775 2421 posse
1819 2336 2184 2402 existimans
2230 2356 2344 2419 per
2386 2336 2642 2402 lictores

279 2443 390 2509 *et
434 2443 763 2510 ministros
807 2442 1098 2527 publicos
1144 2462 1457 2509 carcerem
1503 2442 1738 2527 aperiri
1780 2442 1982 2509 iubet.
2073 2442 2379 2509 Cautione
2423 2443 2640 2528 itaque
2666 2458 2762 2531 Ἴ».
2795 2456 2925 2514 410.

281 2551 362 2616 de
392 2570 521 2616 non
550 2550 914 2616 ulciscenda
958 2550 1329 2636 captivitate
1373 2550 1680 2635 praestita
1723 2550 2053 2617 liberatur.
2109 2550 2168 2616 A
2199 2552 2643 2617 malleatorum

280 2656 701 2722 multitudine
731 2658 1025 2740 exceptus
1057 2657 1126 2722 in
1157 2675 1507 2740 cauponam
1537 2656 1895 2740 abducitur,
1940 2658 2129 2742 atque
2157 2657 2252 2722 ibi
2299 2676 2413 2741 per
2442 2658 2646 2723 totam

280 2765 537 2829 noctem
603 2761 756 2829 adeo
818 2783 883 2829 se
926 2765 1151 2828 mutuo
1218 2763 1497 2829 stanneis
1565 2764 1796 2846 urgent
1862 2761 2148 2846 culullis,
2223 2765 2299 2828 ut
2356 2762 2645 2846 plerique

283 2889 535 2936 omnem
578 2888 924 2937 maerorem
970 2868 1207 2952 captivi
1251 2888 1439 2934 causa
1499 2870 1876 2952 conceptum
1919 2888 2048 2934 una
2092 2887 2241 2935 cum
2300 2868 2643 2934 hordeaceo

280 2976 527 3060 liquore
573 2978 949 3042 evomerent.

496 3100 618 3165 Die
664 3102 768 3166 21.
816 3099 1182 3166 Decembris
1243 3100 1720 3166 Rothmannum
1780 3099 2080 3165 senatorii
2123 3098 2321 3165 edicti
2365 3098 2641 3164 oblitum
2665 3115 2735 3159 ει.
2761 3111 2882 3160 nez.

280 3206 478 3272 multi
522 3206 1068 3291 anabaptistarum
1097 3226 1135 3272 a
1166 3206 1435 3291 septima
1478 3207 1562 3272 ad
1591 3209 1877 3273 octavam
1907 3206 1977 3271 in
2008 3205 2247 3291 templo
2278 3204 2641 3271 Servatiano

281 3311 353 3377 in
383 3311 542 3377 aviis
588 3312 766 3377 iuxta
808 3312 1167 3396 pomerium
1197 3312 1321 3378 sito
1353 3313 1828 3378 concionantem
1876 3312 2187 3379 audivere.
2260 3312 2458 3378 Multi
2487 3331 2644 3396 quo-

281 3436 405 3504 que
451 3416 955 3502 evangelicorum
1000 3417 1070 3483 in
1116 3419 1354 3503 templo
1398 3418 1809 3485 Lambertino
1855 3437 2081 3485 coenae
2125 3418 2476 3485 dominicae
2521 3420 2642 3484 Fa-

278 3524 484 3590 bricio
529 3524 1016 3591 administrante
1060 3525 1404 3609 participes
1435 3525 1629 3591 fuere.
1691 3524 2005 3592 Catholici
2033 3544 2179 3592 vero
2226 3525 2643 3591 schismatum

278 3630 700 3696 multitudine
744 3631 1131 3698 consternati
1176 3632 1370 3698 silent
1413 3650 1487 3698 ac
1529 3631 1774 3716 lugent.
