3259 5075
673 245 815 310 908
924 242 931 248 ’
1553 246 1738 310 Anno
1794 247 1954 311 1541
2006 248 2164 311 acta.

669 420 887 502 facile,
938 420 1107 486 sicut
1152 421 1462 504 superiori
1506 421 1788 504 exemplo
1820 421 1975 486 satis
2022 425 2346 487 ostensum
2377 423 2480 487 sit.
2515 460 2598 471 —
2631 422 2701 487 Si
2731 422 2842 487 ius
2878 441 3072 487 com-

668 547 872 592 mune
918 527 1230 610 scriptum
1277 528 1749 610 expendendum
1790 529 1893 610 sit,
1941 530 2112 611 ipsos
2161 549 2227 593 se
2258 529 2637 613 magistratu
2681 548 2814 594 non
2867 548 3072 612 posse

683 633 992 715 abdicare,
1043 652 1190 698 cum
1223 653 1483 699 munera
1530 635 1788 718 publica
1816 638 2057 718 gerant,
2106 655 2266 720 quae
2296 636 2541 700 nullam
2572 635 3069 700 excusationem

668 739 1044 821 admittant,
1094 742 1160 804 et
1203 739 1556 824 antiquitus
1617 740 1687 804 in
1732 740 1851 805 hac
1897 741 2153 806 civitate
2200 744 2525 824 receptum
2569 741 2681 823 sit,
2731 744 2816 806 ut
2864 761 3064 806 1181110

664 844 748 908 ‘in
794 844 965 909 11338
1030 845 1316 910 ordinem
1384 846 1665 911 adscitus
1735 848 2127 913 excusatione
2175 849 2271 912 uti
2319 851 2526 932 queat.
2576 866 2660 896 ·--
2707 848 2814 912 Ad
2872 849 3058 929 haec,

667 951 931 1015 etiamsi
976 951 1269 1034 princeps
1317 952 1417 1016 ius
1459 953 1888 1017 constituendi
1933 954 2414 1037 removendique
2458 953 2737 1019 iudicem
2785 955 3058 1035 habeat,

679 1074 863 1139 saepe
908 1058 1116 1121 tamen
1166 1057 1432 1122 antehac
1475 1059 1542 1123 in
1575 1078 1647 1124 eo
1695 1059 2077 1142 quibusdam
2124 1060 2632 1125 contentionibus
2683 1061 3058 1127 interiectis

672 1161 890 1243 ipsum
935 1162 1308 1246 impeditum
1342 1166 1408 1228 et
1451 1164 1784 1229 turbatum
1831 1164 2044 1230 fuisse.
2083 1203 2166 1215 -
2207 1165 2344 1230 Sibi
2394 1185 2636 1251 quoque
2667 1169 3058 1232 consultum

675 1268 897 1349 videri,
947 1271 1039 1350 ut,
1089 1269 1332 1353 quoties
1367 1289 1404 1333 a
1435 1269 1704 1353 captivis
1751 1271 2138 1336 cruciatibus
2171 1272 2404 1337 veritas
2451 1273 2538 1338 sit
2585 1274 3049 1356 extorquenda,

675 1373 744 1437 id
789 1377 1115 1456 praesente
1160 1375 1369 1440 iudice
1400 1377 1532 1442 fiat.
1590 1378 1753 1442 Nam
1801 1397 1922 1442 non
1957 1378 2164 1443 solum
2211 1377 2581 1443 delictorum
2619 1379 3048 1461 confessione,

675 1499 892 1544 verum
940 1481 1133 1545 etiam
1179 1501 1251 1546 ex
1296 1481 1501 1563 vultu,
1572 1483 1858 1566 gestibus
1928 1483 2196 1567 aliisque
2266 1484 2764 1549 circumstantiis
2838 1486 3050 1550 male-

672 1586 964 1652 ficiorum
1010 1587 1316 1653 rationem
1348 1590 1639 1673 cognosci
1687 1609 1886 1673 posse.
1927 1629 2008 1638 —
2043 1590 2372 1655 Praeterea
2416 1609 2605 1672 penes
2651 1591 3046 1674 principem,

672 1693 782 1775 qui
828 1693 929 1757 ius
974 1694 1173 1777 gladii
1219 1695 1465 1776 habeat,
1515 1695 1741 1760 merito
1773 1714 1905 1760 esse
1951 1715 2064 1778 pro
2120 1694 2741 1760 circumstantiarum
2783 1698 3046 1762 ratione

671 1798 1015 1882 flagitiosos
1063 1800 1354 1866 relaxare.
1407 1839 1491 1849 —
1537 1801 1943 1867 Consiliarios
1999 1802 2189 1866 etiam
2235 1805 2301 1866 et
2343 1822 2380 1866 a
2425 1802 2701 1885 capitulo
2751 1802 3045 1868 delectos

670 2011 1038 2094 principalis
1109 2013 1494 2078 eversionem
1562 2013 2076 2095 animadvertere,
2125 2018 2202 2078 ut
2246 2034 2283 2078 a
2329 2014 2640 2078 sententia
2684 2033 2802 2097 per
2849 2016 3038 2097 prin-

670 2117 829 2200 cipis
878 2118 1152 2182 iudicem
1199 2119 1328 2183 lata
1359 2119 1439 2183 ad
1486 2121 1775 2184 senatum
1806 2121 2176 2203 appelletur,
2228 2139 2373 2184 cum
2410 2120 2870 2202 appellationes
2905 2141 3034 2186 11011

669 2229 887 2288 contra
953 2225 1245 2289 naturam
1291 2224 1392 2289 331
1438 2245 1475 2289 3
1521 2226 1833 2308 superiori
1892 2226 1972 2289 ad
2028 2225 2388 2291 inferiorem
2462 2226 2741 2290 iudicem
2808 2226 3033 2291 devol-

668 2332 929 2410 vantur3
1002 2330 1291 2413 proinde,
1339 2333 1416 2396 31
1460 2333 1721 2396 naturae
1768 2333 1917 2397 ordo
1965 2336 2266 2412 servetur,
2330 2332 2454 2397 sibi
2501 2332 2704 2396 videri
2751 2332 3029 2414 iustum,

668 2438 743 2501 31
787 2437 1162 2519 degravatus
1210 2436 1288 2501 ad
1337 2436 1689 2520 principem
1735 2441 2045 2520 provocet.
2113 2437 2247 2503 Sibi
2281 2438 2472 2502 etiam
2517 2438 2825 2521 aequitati
2874 2459 3028 2503 con-

666 2543 865 2608 forme
911 2543 1113 2608 videri
1174 2547 1464 2609 senatum
1510 2544 1574 2608 in
1624 2545 1830 2609 causis
1893 2545 2190 2610 civilibus
2239 2564 2419 2628 posse
2465 2544 2712 2609 civibus
2782 2546 3027 2610 securi-

667 2651 865 2714 tatem
910 2650 1230 2732 publicam
1278 2649 1458 2732 dare3
1509 2650 1612 2715 sed
1663 2669 1806 2715 curn
1851 2651 2181 2715 arrestatio
2228 2670 2340 2733 per
2384 2650 2660 2715 iudicem
2706 2651 3022 2735 principis

625 2806 640 2821 .
666 2753 833 2819 facta
863 2755 967 2836 sit,
1019 2755 1265 2820 senatui
1313 2756 1610 2821 adversus
1658 2776 1797 2821 eam
1827 2776 1954 2821 non
1998 2757 2187 2820 licere
2234 2758 2529 2840 cuiquam
2560 2757 2816 2822 *tutum
2847 2778 3021 2824 com-

664 2863 945 2926 meatum
994 2861 1168 2943 dare,
1243 2864 1308 2926 81
1350 2863 1555 2928 11111110
1623 2863 1836 2928 1111333
1901 2864 1969 2927 in
2016 2863 2222 2928 causis
2292 2863 2763 2942 criminalibus;
2836 2864 3017 2930 illam

664 2966 835 3031 enim
878 2967 1237 3032 securitatis
1268 2968 1586 3034 dationem
1617 2970 1698 3033 ad
1730 2968 1934 3034 solum
1979 2970 2329 3052 principem
2375 2969 2630 3034 illiusve
2669 2970 3016 3054 praefectos

663 3078 960 3156 spectare.
1013 3112 1096 3123 —
1145 3073 1467 3153 Quantum
1528 3079 1740 3140 autem
1786 3076 1865 3140 ad
1910 3076 2350 3160 gograviatum
2397 3075 2756 3140 Sendanum
2818 3077 3015 3159 perti-

663 3182 824 3260 neat,
874 3198 938 3244 38
967 3199 1093 3244 non
1140 3180 1426 3262 ignorare
1473 3180 1790 3246 doctorem
1822 3181 2010 3245 Wick
2055 3184 2119 3246 81
2165 3181 2319 3245 31103
2373 3181 2679 3265 1130311313
2713 3182 3015 3247 senatorii

662 3284 901 3350 ordinis
946 3285 1114 3350 viros
1161 3304 1361 3368 nuper
1392 3306 1429 3351 a
1460 3290 1682 3351 senatu
1729 3287 2061 3371 legationis
2112 3287 2431 3352 obeundae
2468 3306 2658 3351 causa
2701 3288 3014 3371 Iburgum

660 3391 904 3473 1313303,
955 3392 1064 3475 1131
1105 3412 1249 3457 cum
1296 3394 1581 3476 principe
1612 3394 1690 3458 de
1722 3394 2008 3459 articulis
2053 3394 2436 3476 quibusdam
2466 3395 2738 3478 agerent,
2787 3413 3012 3478 nempe

657 3516 738 3562 118
785 3499 925 3581 11313
987 3498 1054 3563 13
1100 3499 1373 3564 circuitu
1417 3499 1596 3566 urbis
1666 3501 2179 3566 Monasteriensis
2249 3501 2419 3565 intra
2475 3518 2678 3563 unum
2736 3500 3011 3566 milliare

659 3604 988 3669 cervisiam
1034 3624 1349 3689 panesque
1395 3608 1472 3671 ad
1513 3607 1911 3672 vendendum
1955 3610 2199 3692 coquat,
2249 3627 2322 3672 ac
2349 3610 2426 3673 ut
2468 3606 2822 3690 principem
2868 3625 3009 3674 exo-

654 3712 895 3793 rarent,
959 3731 1038 3776 ne
1084 3713 1521 3796 gograviatum
1568 3714 1928 3780 Sendanum
1973 3715 2459 3797 oppignoratum
2504 3713 2774 3779 redimat
2795 3716 2837 3779 ¹.
2931 3715 3008 3781 Se

874 3958 914 4022 ¹)
952 3957 1021 4012 In
1056 3959 1244 4030 Bezug
1296 3960 1397 4014 auf
1429 3961 1517 4015 die
1555 3961 1944 4032 Gografschaft
1979 3978 2046 4015 zu
2084 3961 2295 4016 Scnden
2351 3961 2526 4016 findet
2559 3961 2677 4016 sich
2729 3963 2806 4017 im
2845 3962 3003 4018 Ratu-

653 4045 926 4116 protokoll
962 4064 1085 4100 vom
1119 4047 1288 4102 Jahre
1332 4051 1465 4102 1536
1505 4050 1778 4117 (Stadt-A.
1818 4050 1913 4117 Μ.)
1955 4049 2209 4119 folgende
2243 4049 2438 4104 Notiz:
2490 4090 2535 4117 „.
2560 4090 2572 4103 .
2593 4091 2607 4104 .
2645 4051 2749 4105 Die
2784 4050 3002 4121 quidem

652 4134 909 4189 vicesima
944 4137 1121 4205 prima
1155 4139 1355 4192 mensis
1392 4138 1627 4207 Augusti
1675 4139 1760 4193 sin
1796 4138 1953 4193 beide
1987 4138 2405 4208 borgermeister
2439 4140 2511 4209 by
2548 4140 2771 4194 meister
2803 4139 3002 4195 Everdt

653 4238 757 4277 van
783 4223 953 4294 Eylen
993 4228 1196 4294 gewest
1231 4225 1343 4280 und
1368 4243 1539 4281 emme
1576 4227 1705 4281 umb
1743 4226 1949 4297 gest-alt
1984 4226 2097 4281 und
2125 4243 2198 4281 na
2233 4226 2582 4297 gelegenheit
2616 4227 2712 4282 der
2745 4244 3000 4299 gog-reve-

645 4310 820 4382 381131)
858 4311 955 4366 1110
981 4312 1193 4367 Senden
1230 4313 1343 4368 und
1367 4313 1465 4369 der
1486 4316 1830 4386 vrygerichte
1870 4314 2137 4386 gefraget,
2175 4315 2254 4369 off
2285 4316 2352 4370 de
2377 4316 2499 4370 oick
2533 4333 2640 4371 van
2665 4332 2836 4371 unsen
2871 4333 3000 4387 gne-
