3259 5075
1227 232 1414 300 Anno
1465 234 1639 301 1533
1684 236 1843 300 acta.
2576 234 2709 303 451

572 411 675 475 17.
721 409 923 475 Nemo
968 409 1461 476 christianorum
1492 429 1640 475 cum
1680 408 1898 493 impiis
1942 409 2013 475 in
2044 409 2282 475 iudicio
2311 410 2649 477 contendet
2664 413 2710 478 ¹.

573 516 674 581 18.
722 515 922 582 Nemo
994 514 1491 581 christianorum
1558 534 1819 582 usuram
1886 516 2087 581 ullam
2156 535 2435 582 exercere
2502 516 2709 601 debet,

343 620 618 705 proinde
662 641 864 706 neque
908 622 1238 706 pensiones
1284 623 1483 708 exigit
1528 642 1730 707 neque
1775 623 1996 689 solvet.
2075 621 2304 689 Omnia
2347 623 2518 689 enim
2561 643 2713 708 apo-

345 728 660 793 stolorum
708 728 990 812 exemplo
1035 728 1169 794 fore
1215 730 1578 795 communia
1596 730 1638 796 ¹.

571 835 673 899 19.
730 834 1021 915 Quilibet
1088 835 1583 902 christianorum
1654 854 1909 902 cursum
1977 856 2165 902 suum
2209 855 2247 901 a
2293 855 2358 901 se
2417 838 2712 920 coeptum

347 940 641 1006 absolvat
684 941 750 1005 et
791 940 1082 1024 perficiat
1125 961 1328 1027 neque
1375 941 1675 1027 respiciat
1720 945 1906 1026 retro,
1954 963 2034 1009 ne
2079 942 2313 1008 ostium
2359 942 2487 1008 sibi
2530 962 2711 1027 prae-

349 1045 687 1130 cludatur3
756 1047 877 1113 hoc
923 1049 1047 1128 est,
1119 1047 1358 1132 inquit,
1431 1048 1487 1113 si
1532 1049 1732 1133 pater,
1798 1050 2018 1130 mater,
2089 1047 2305 1131 frater,
2368 1066 2542 1113 soror
2600 1049 2713 1113 aut

346 1152 525 1218 ullus
574 1151 651 1216 de
682 1152 1053 1237 cognatione
1096 1151 1261 1217 hanc
1306 1152 1661 1219 doctrinam
1691 1155 1756 1219 et
1802 1153 2225 1219 characterem
2268 1153 2539 1219 foederis
2584 1172 2711 1219 non

350 1258 721 1341 susceperit,
769 1277 992 1324 verum
1023 1258 1440 1324 christianum
1486 1279 1614 1325 non
1645 1260 1944 1343 movebit,
1994 1259 2105 1325 sed
2143 1259 2281 1344 ipse
2326 1259 2395 1324 in
2428 1278 2543 1325 sua
2585 1259 2711 1325 fide

327 1358 777 1448 'perseverabit
795 1365 842 1431 ⁸.

566 1488 746 1553 Hanc
817 1488 1171 1555 doctrinam
1231 1489 1538 1571 obaerati,
1610 1489 1830 1574 inopes
1891 1492 2081 1574 atque
2124 1490 2329 1557 otium
2398 1491 2708 1556 sectantes

347 1593 711 1678 quibusque
755 1594 979 1679 religio
1025 1596 1154 1661 fuit
1196 1596 1535 1661 honestum
1577 1596 1862 1661 laborem
1906 1596 2234 1680 attingere,
2284 1614 2495 1662 rerum
2540 1614 2711 1660 com-

347 1699 656 1765 munione
674 1701 701 1738 ⁴
768 1700 835 1764 et
899 1719 1129 1766 usurae
1195 1701 1493 1768 libertate
1568 1701 1784 1767 allecti
1858 1702 2140 1785 primum
2214 1701 2705 1786 amplectuntur.

347 1805 597 1871 Deinde
631 1807 1056 1890 opulentiores
1088 1828 1337 1894 quoque
1382 1810 1719 1892 personata
1749 1811 1813 1874 et
1842 1809 2053 1875 efficta
2081 1807 2711 1873 Rothmannistarum

348 1911 666 1995 gravitate
712 1931 786 1978 ac
831 1913 1252 1980 sanctimonia
1316 1914 1615 1981 commoti
1661 1916 1827 1980 bona
1873 1934 1990 1980 sua
2032 1915 2102 1979 in
2146 1932 2475 1979 commune
2541 1912 2712 1978 defe-

348 2019 523 2101 runt,
574 2018 955 2101 pensionum
1020 2021 1240 2086 literas
1287 2021 1591 2087 detractis
1651 2021 1852 2107 signis
1912 2023 2027 2087 aut
2071 2019 2441 2102 discerpunt
2486 2019 2598 2083 aut
2641 2018 2712 2083 in

350 2124 571 2208 136616
639 2124 990 2191 coniiciunt
1050 2129 1163 2192 aut
1230 2126 1624 2192 debitoribus
1674 2146 1819 2192 cum
1876 2129 2011 2192 toto
2073 2123 2285 2190 debito
2352 2123 2707 2189 remittunt.

352 2227 536 2307 Quod
585 2249 712 2295 non
775 2232 981 2297 solum
1025 2233 1214 2316 viros,
1285 2252 1507 2299 verum
1552 2232 1746 2298 etiam
1812 2232 2110 2298 mulieres
2170 2229 2408 2313 alioqui
2452 2229 2533 2295 ad
2575 2248 2713 2294 rem

352 2336 724 2402 attentiores
770 2337 992 2404 fecisse
1030 2339 1100 2403 in
1133 2338 1413 2404 confesso
1446 2339 1559 2404 est.
1622 2338 1791 2404 Nam
1818 2336 2342 2419 Brandeschenia,
2390 2336 2710 2419 Knipper-

351 2442 626 2528 dollingi
694 2443 981 2529 coniugis
1027 2447 1247 2528 mater,
1316 2445 1500 2512 valde
1547 2445 1847 2530 opulenta
1889 2445 1984 2510 ita
2029 2444 2263 2528 spiritu
2307 2442 2427 2507 Dei
2472 2442 2712 2527 agitata

352 2551 468 2632 est,
517 2551 593 2615 ut
635 2550 856 2616 literas
923 2552 1292 2619 reddituum
1339 2553 1618 2638 signatas
1676 2552 2072 2617 debitoribus
2118 2570 2265 2616 cum
2309 2550 2520 2616 usuris
2566 2569 2710 2633 per-

351 2656 557 2738 ceptis
600 2657 982 2724 restitueret.

568 2762 689 2827 His
737 2762 1146 2829 clandestinis
1193 2763 1602 2830 concionibus
1649 2765 1714 2829 et
1758 2763 2046 2829 articulis
2092 2763 2162 2827 in
2197 2762 2429 2847 vulgus
2475 2759 2709 2843 sparsis

350 2867 648 2932 effectum
693 2870 817 2950 est,
865 2871 943 2935 ut
987 2871 1529 2955 anabaptistarum
1575 2888 1877 2935 numerus
1923 2869 2161 2935 civium
2205 2868 2710 2949 advenarumque

351 2992 666 3039 concursu
710 2974 1173 3042 incrementum
1218 2994 1344 3040 non
1373 2975 1688 3042 mediocre
1735 2977 2028 3057 sumeret,
2076 2975 2203 3039 imo
2250 2974 2557 3039 bonorum
2588 2989 2708 3036 nu-

349 3099 603 3146 merum
646 3082 1101 3166 propemodum
1147 3084 1532 3167 exaequaret,
1600 3082 1872 3148 maxime
1919 3101 2067 3147 cum
2109 3078 2303 3146 multi
2345 3076 2499 3143 boni
2542 3076 2708 3142 cives

570 3328 615 3396 ¹)
649 3329 705 3384 J.
743 3329 830 3398 19,
865 3328 930 3384 E.
968 3330 1053 3398 18,
1090 3328 1235 3385 fehlt
1266 3329 1357 3384 bei
1395 3327 1455 3384 C.
1494 3356 1562 3368 —
1605 3326 1653 3394 ⁸)
1689 3326 1745 3383 J.
1780 3328 1868 3397 20,
1903 3327 1966 3383 Ε.
2005 3327 2091 3396 19,
2132 3325 2193 3382 C.
2230 3324 2315 3379 18.

570 3416 616 3483 ¹³)
650 3415 707 3471 J.
731 3417 819 3486 21,
856 3416 919 3472 E.
944 3417 1031 3485 20,
1069 3415 1212 3471 fehlt
1245 3416 1336 3472 bei
1361 3415 1421 3473 O.
1460 3445 1528 3456 ·—
1565 3416 1749 3472 Keras.
1785 3414 1922 3470 lasst
1955 3413 2072 3469 also
2109 3413 2197 3468 die
2231 3413 2322 3468 bei
2356 3412 2410 3468 J.
2435 3410 2711 3466 Niesert

351 3505 517 3559 anter
567 3504 668 3559 Nr.
703 3503 759 3574 4,
798 3503 851 3573 5,
890 3503 941 3575 ⁷,
976 3505 1027 3574 9,
1069 3505 1152 3574 13,
1191 3505 1277 3574 16,
1317 3504 1384 3558 17
1420 3521 1476 3560 11.
1515 3505 1585 3559 18
1638 3503 2049 3559 verzeichneten
2088 3500 2300 3557 Artikel
2354 3499 2482 3555 fort.
2553 3498 2710 3555 Doch

351 3593 431 3647 ist
466 3608 534 3647 zu
568 3593 877 3662 bemerken‚
931 3592 1054 3648 dass
1089 3592 1191 3648 Nr.
1233 3592 1298 3646 13
1337 3591 1581 3647 daselbst
1634 3592 1759 3646 kein
1797 3589 2155 3661 eigentlicher
2189 3587 2420 3657 Artikel,
2475 3587 2710 3642 sondern

349 3680 556 3736 wieder
588 3697 692 3735 nur
730 3681 852 3736 6166
886 3679 1137 3735 Antwort
1171 3680 1208 3735 J
1210 3680 1393 3735 akob’s
1437 3680 1539 3735 auf
1569 3679 1661 3735 die
1697 3678 2127 3748 Zwischenfrage
2164 3677 2254 3747 ist,
2290 3677 2393 3732 wie
2427 3692 2555 3730 man
2591 3674 2711 3730 sich

349 3768 616 3838 verbalte,
658 3785 748 3836 „so
786 3768 916 3823 sach
951 3785 1107 3838 were,
1145 3768 1243 3824 der
1276 3786 1404 3823 man
1441 3767 1559 3823 sich
1593 3766 1977 3823 wederteufien
2011 3765 2157 3836 lieet,
2193 3765 2307 3820 und
2343 3763 2433 3818 die
2467 3763 2709 3818 frauwen

349 3857 540 3912 neit?“
596 3857 634 3911 J
636 3856 774 3912 akob
812 3859 1120 3926 antwortet,
1159 3873 1218 3912 er
1239 3857 1396 3911 wisse
1433 3855 1666 3911 dariiber
1699 3854 1915 3910 Nichts.
1971 3853 2098 3926 vgl.
2125 3853 2264 3909 dazu
2299 3853 2431 3907 aber
2464 3851 2569 3906 den
2603 3867 2709 3906 von

353 3944 741 4001 Cochlaeus
796 3944 879 4000 als
913 3944 1014 4001 Nr.
1051 3946 1123 4001 20
1164 3943 1529 4016 angefiihrten
1564 3943 1796 4013 Artikel,
1852 3942 1949 3999 der
1982 3944 2280 4012 bestimmt,
2332 3940 2455 3996 dass
2489 3941 2549 3996 in
2585 3939 2710 3995 dem

349 4033 510 4089 Falle
548 4033 638 4090 die
671 4033 788 4090 Ehe
824 4037 1081 4105 getrennt
1114 4034 1330 4089 werden
1365 4035 1561 4089 1611666.

570 4122 615 4191 ⁴)
651 4122 1060 4195 Anspielungen
1098 4139 1166 4177 an
1203 4123 1293 4177 die
1317 4120 1492 4177 Lehre
1527 4137 1632 4176 von
1657 4121 1755 4176 der
1778 4117 2349 4191 Gfitergemeinschaft
2382 4116 2569 4173 finden
2590 4115 2711 4173 sich

353 4212 412 4266 in
440 4211 545 4268 den
579 4211 893 4284 bisherigen
918 4211 1194 4267 Schriften
1228 4209 1589 4266 Rothmann’s
1625 4209 1738 4264 und
1762 4209 1860 4265 der
1892 4207 2305 4263 Miinsterschen
2340 4204 2711 4262 Predikanten

352 4316 479 4354 zum
515 4299 809 4356 erstenmal
851 4299 1222 4356 tbatsachlich
1256 4300 1318 4355 in
1354 4298 1477 4355 dem
1517 4297 1934 4366 „Bekenntnis.“
2007 4295 2138 4368 Vgl.
2171 4295 2259 4352 Bl.
2296 4294 2350 4350 H
2367 4294 2420 4349 3.
2500 4303 2507 4312 ’

2491 4380 2578 4449 5.
