3259 5075
1220 294 1404 360 Anno
1460 297 1629 360 1533
1675 297 1834 360 acta.
2568 298 2702 362 409

333 489 537 554 quem
582 473 793 536 tamen
840 469 1146 536 satellites
1193 470 1387 537 armis
1433 472 1498 537 et
1541 470 1796 536 lictores
1849 472 2240 555 scipionibus
2287 471 2420 536 suis
2465 474 2698 554 arcent,

341 594 463 658 per
506 576 677 641 idem
709 576 946 641 ostium
977 575 1144 641 redit
1187 576 1258 641 in
1286 577 1635 659 templum3
1684 578 1750 643 et
1779 576 1934 642 dum
1963 578 2168 642 clerus
2207 577 2277 641 in
2306 596 2450 642 area
2477 577 2704 661 templi

334 681 593 765 aliquot
637 682 906 765 hymnos
951 681 1191 764 psallit,
1261 681 1557 765 princeps
1601 682 1672 747 in
1719 682 1925 748 fronte
1970 683 2188 749 altaris
2233 684 2312 749 D.
2359 684 2556 749 Paulo
2601 683 2703 748 di-

336 786 479 852 cati
529 787 721 854 cereis
769 786 1134 853 ardentibus
1147 838 1163 868 ,
1212 806 1384 869 auro,
1455 789 1735 872 argento,
1784 788 2001 854 sericis
2049 788 2337 871 pulvillis
2382 788 2703 875 reliquiis-

335 910 471 976 que
516 895 876 958 sanctorum
924 894 1278 976 martyrum
1323 893 1720 959 condecorati
1766 893 2135 975 provolutus
2181 893 2261 959 ad
2304 912 2510 978 genua
2548 913 2702 978 sup-

339 1000 492 1083 plex
536 998 618 1064 ad
648 999 853 1065 Deum
898 1017 1045 1064 suas
1075 999 1291 1065 fundit
1332 1017 1570 1083 preces.
1643 999 1876 1065 Finitis
1922 999 2177 1083 hymnis
2207 1002 2273 1067 et
2317 1019 2503 1065 aureo
2537 1000 2700 1066 dono

336 1103 537 1170 altari
580 1104 764 1170 illato
795 1107 1015 1170 cantor
1059 1104 1126 1170 in
1159 1104 1413 1171 laudem
1442 1106 1518 1170 D.
1554 1105 1741 1170 Pauli
1773 1125 2021 1173 carmen
2069 1108 2394 1189 protonat;
2442 1105 2701 1171 interim

334 1211 521 1276 totus
569 1210 775 1276 clerus
820 1210 1095 1294 psallens
1141 1209 1407 1275 chorum
1450 1210 1829 1295 ingreditur.
1894 1210 2193 1295 Princeps
2225 1230 2391 1293 vero,
2441 1230 2588 1277 cum
2617 1211 2699 1277 ad

332 1315 613 1381 chorum
656 1316 949 1398 venisset,
1019 1316 1272 1400 petagio
1318 1315 1412 1381 ibi
1457 1319 1646 1382 exuto
1692 1316 1934 1382 clerum
1976 1317 2354 1400 primarium
2398 1316 2480 1382 ad
2524 1318 2699 1401 capi-

330 1422 555 1488 tulare
599 1421 890 1488 conclave
950 1421 1375 1505 praestiturus
1421 1422 1868 1488 iusiurandum
1928 1423 2356 1508 subsequitur.
2451 1424 2700 1489 Interea

330 1527 555 1593 clerus
600 1527 1010 1594 secundarius
1055 1529 1124 1593 in
1155 1528 1345 1594 choro
1392 1527 1671 1594 reditum
1718 1548 1863 1594 cum
1894 1529 2145 1596 silentio
2193 1529 2536 1612 opperitur.
2607 1529 2698 1594 Be

326 1636 561 1699 autem
591 1633 661 1698 in
692 1633 1027 1717 capitulari
1065 1633 1350 1699 conclavi
1392 1636 1650 1713 peracta
1693 1632 1899 1700 *redit
1942 1637 2133 1719 atque
2160 1635 2230 1700 in
2274 1634 2432 1719 pede
2463 1635 2699 1701 summi
2723 1650 2753 1681 ⁸
2769 1669 2823 1724 p.
2857 1651 2984 1709 3⁷0.

326 1738 568 1804 altaris
616 1739 846 1804 decano
892 1742 957 1805 et
1016 1739 1346 1806 sacellanis
1392 1740 1750 1806 astantibus
1796 1760 2000 1824 genua
2067 1741 2451 1806 submittens
2507 1741 2695 1807 tertio

334 1845 553 1910 Deum
599 1863 711 1928 pro
759 1844 931 1911 felici
975 1844 1276 1912 dioecesis
1324 1845 1872 1911 administratione
1917 1846 2129 1911 oblato
2176 1847 2241 1912 et
2284 1845 2392 1910 hic
2437 1865 2697 1912 munere

329 1952 659 2034 precatur.
727 1950 882 2016 Inde
926 1949 1380 2017 comitantibus
1425 1951 1652 2018 iisdem
1683 1951 1765 2017 ad
1810 1951 2006 2018 sedile
2050 1951 2402 2035 episcopale
2446 1951 2698 2036 magni-

331 2058 461 2123 fice
508 2058 782 2123 stratum
824 2057 1216 2140 conscendit,
1289 2057 1565 2143 singulis
1610 2061 1824 2124 tamen
1867 2077 1984 2141 pro
2031 2058 2338 2141 cuiusque
2383 2057 2695 2142 dignitate

330 2182 491 2229 suas
540 2162 717 2228 sedes
762 2162 832 2227 in
876 2163 1066 2228 choro
1133 2164 1606 2247 occupantibus.
1703 2163 2040 2247 Organices
2100 2163 2337 2229 indicio
2398 2181 2696 2247 praecen-

331 2267 502 2335 toris
550 2268 827 2352 scipione
872 2269 999 2334 sibi
1043 2268 1210 2334 facto
1256 2288 1492 2353 organa
1533 2269 1603 2335 in
1649 2269 2011 2335 divinarum
2052 2268 2318 2334 laudum
2363 2269 2697 2353 pmoonia

330 2374 538 2441 solvit
595 2373 960 2458 alternoque
1005 2393 1193 2441 versu
1255 2374 1509 2441 laudem
1552 2376 1675 2441 Dei
1735 2375 2041 2458 concinit,
2112 2394 2238 2459 qua
2280 2375 2465 2441 finita
2507 2399 2551 2443 a
2594 2394 2697 2442 sa-

326 2478 659 2561 cellanis⁸‚
706 2478 1039 2563 fratribus,
1111 2479 1463 2561 nobilibus,
1512 2479 1881 2563 clientibus,
1953 2479 2397 2563 beneficiariis,
2447 2480 2692 2565 auliciS,

330 2586 728 2652 satellitibus
774 2606 1125 2672 magnaque
1170 2587 1610 2653 ministrorum
1654 2588 1847 2654 turba
1883 2591 2180 2672 exceptus
2225 2607 2339 2672 per
2382 2586 2698 2672 horologii

327 2692 583 2758 ostium
606 2711 752 2757 cum
779 2692 1009 2759 iisdem
1036 2694 1369 2779 magnifice
1398 2696 1776 2759 coenaturus
1799 2693 1880 2758 ad
1903 2713 2084 2759 suam
2113 2695 2326 2760 aulam
2347 2693 2691 2760 reducitur.

556 2797 816 2864 Postera
854 2817 1002 2864 vero
1047 2798 1170 2882 die,
1217 2818 1377 2884 quae
1421 2799 1550 2864 fuit
1595 2799 1658 2865 5.
1705 2798 1881 2882 Maii,
1928 2799 2098 2865 inter
2141 2801 2426 2865 octavam
2470 2802 2534 2865 et
2578 2819 2691 2865 no·
2717 2819 2761 2862 5.
2787 2816 2908 2863 ιω.

332 2922 495 2970 nam
536 2902 725 2988 longa
754 2904 1108 2970 aulicorum
1152 2924 1382 2989 pompa
1424 2907 1763 2988 praeeunte
1807 2908 1874 2970 et
1910 2904 2239 2970 sacellanis
2285 2904 2692 2989 sequentibus

328 3028 593 3076 sacrum
638 3009 972 3077 auditurus
1003 3010 1085 3077 ad
1128 3010 1438 3094 templum
1471 3009 1660 3076 redit.
1721 3010 1968 3076 Interea
2010 3012 2183 3076 totus
2230 3012 2483 3076 senatus
2513 3010 2692 3076 urbis

332 3116 407 3181 in
454 3133 753 3199 campum
811 3116 1201 3182 dominicum
1268 3116 1713 3183 iusiurandum
1770 3116 2194 3199 praestiturus
2241 3116 2387 3182 coit.
2478 3115 2692 3182 Finito

328 3221 559 3302 itaque
626 3241 801 3288 sacro
867 3223 1161 3306 princeps
1226 3222 1653 3307 paradysiacis
1712 3222 1916 3288 valvis
1983 3241 2271 3306 egressus
2318 3223 2385 3288 et
2447 3222 2692 3288 solenni

326 3326 751 3394 iureiurando
815 3331 1070 3412 accepto
1114 3328 1355 3395 clerum
1398 3328 1777 3412 primarium
1820 3329 2232 3414 senatumwe
2277 3328 2542 3411 prandio
2587 3348 2692 3394 ex-

333 3431 522 3515 cipit.
583 3433 702 3498 Die
733 3434 976 3517 Martis,
1023 3434 1144 3500 hoc
1188 3436 1286 3500 est
1332 3436 1506 3501 sexta
1535 3433 1712 3516 Maii,
1759 3436 2013 3518 peracta
2056 3453 2249 3500 coena
2293 3433 2535 3515 repotia
2579 3452 2691 3499 seu
2718 3458 2759 3497 e.
2789 3451 2908 3496 m

328 3538 653 3627 secundae
695 3559 972 3623 mensae,
1036 3540 1242 3606 omnis
1287 3540 1534 3624 generis
1592 3542 1944 3625 tragemata
2002 3540 2336 3625 magnifico
2383 3541 2693 3623 apparatu

331 3644 406 3709 in
455 3643 637 3709 curia
679 3644 959 3712 civitatis
1005 3645 1319 3712 instructa
1362 3647 1534 3728 suut,
1581 3646 1814 3730 quibus
1858 3645 2151 3729 princeps
2193 3664 2341 3711 cum
2384 3643 2691 3709 fratribus

330 3748 495 3831 suis,
544 3750 906 3832 proceribus
953 3750 1276 3833 dioecesis,
1337 3750 1582 3831 aulicis,
1630 3750 1987 3835 virginibus
2033 3751 2462 3834 matronisque
2506 3747 2692 3814 nobi-

328 3854 611 3920 lioribus
643 3874 708 3921 se
739 3856 1082 3922 oblectavit
1124 3857 1475 3941 bonamque
1513 3856 1718 3922 noctis
1763 3858 2008 3940 partem
2038 3876 2185 3922 cum
2230 3854 2532 3939 tripudiis
2578 3856 2692 3920 ab-

329 3961 635 4045 sumpsit.
697 3962 868 4028 Hinc
896 3963 1279 4029 Monasterio
1325 3962 1648 4047 digressus
1679 3962 1806 4028 alia
1834 3980 2081 4047 quoque
2127 3962 2427 4028 dioecesis
2458 3961 2695 4045 oppida

328 4066 618 4132 injurata
660 4071 970 4153 peragrat,
1024 4071 1091 4134 et
1134 4068 1417 4153 primum
1478 4068 1736 4154 quidem
1780 4068 2159 4151 oppidorum
2204 4066 2696 4133 occidentalium

326 4172 531 4238 fidem
575 4172 701 4238 sibi
746 4174 1065 4259 astringit,
1113 4174 1260 4240 inde
1305 4174 1387 4240 ad
1431 4173 1767 4240 orientales
1812 4173 2101 4239 civitates
2145 4176 2568 4257 perrecturus,

550 4366 600 4434 ⁸)
637 4366 775 4420 Ma:
810 4383 875 4421 ac
910 4365 1293 4423 sacellanibus.
