3259 5075
701 269 834 334 396
1561 268 1745 335 Anno
1802 270 1967 335 1533
2013 271 2169 334 acta.

701 444 983 511 nondum
1028 444 1368 528 devenisse,
1418 447 1493 511 ut
1537 445 1790 528 auxilio,
1840 444 2198 511 defensione
2243 446 2355 510 aut
2398 443 2899 529 propugnatione
2943 442 3043 507 in-

699 551 953 618 terdum
999 572 1125 618 non
1169 553 1409 636 egeant.
1491 552 1758 618 Senatus
1806 552 2061 636 quidem
2106 571 2178 618 ac
2222 555 2358 619 tota
2402 551 2627 620 civitas
2673 548 3044 616 Monasteri-

699 658 868 724 ensis
913 658 1181 725 foederis
1251 659 1552 743 religione
1597 662 1770 726 mota
1829 679 2073 745 semper
2118 659 2492 744 oppidorum
2539 657 2937 724 commodum
2981 657 3045 721 et

699 764 1195 832 emolumentum
1243 767 1515 834 libenter
1558 768 1871 852 quaesivit
1915 787 2006 847 ac,
2058 770 2130 834 ut
2174 786 2392 833 eorum
2436 765 2780 846 libertates,
2845 762 3049 847 privi-

699 873 884 956 legia,
933 872 1090 955 iura,
1140 873 1571 940 immunitates
1603 874 1951 958 omniaque,
2001 894 2158 959 quae
2190 874 2269 939 ad
2314 892 2530 958 pacem
2559 870 3045 938 conservandam

697 978 1011 1061 pertinere
1040 977 1178 1044 visa
1207 984 1375 1061 sunt,
1423 999 1549 1046 non
1581 981 1786 1046 solum
1819 983 2348 1060 conservarentur,
2398 998 2618 1045 verum
2647 979 2841 1044 etiam
2874 978 3045 1043 salu·

698 1084 945 1150 taribus
1014 1085 1417 1152 incrementis
1484 1088 1883 1172 augerentur,
1956 1086 2265 1171 singulari
2312 1085 2522 1152 studio
2569 1086 2717 1170 egit.
2810 1086 3047 1150 Verum

700 1210 845 1257 cum
890 1191 969 1258 ab
1016 1192 1266 1276 oppidis
1311 1192 1579 1259 foederis
1624 1194 1779 1260 fides
1826 1194 2076 1275 violata,
2126 1193 2720 1260 Monasterienses·a
2749 1191 3047 1257 benefici·

699 1317 882 1363 orum
929 1298 1312 1383 obligatione
1358 1300 1494 1365 iure
1526 1301 1761 1366 solutos
1797 1320 1930 1367 esse
1977 1303 2299 1384 pactorum
2333 1299 2493 1365 ratio
2527 1298 2834 1364 suaderet.
2883 1298 3049 1363 Nam

697 1403 1223 1487 quemadmodum
1268 1406 1593 1472 commoda
1637 1409 1703 1472 et
1745 1406 1926 1488 laeta,
1977 1406 2070 1472 ita
2113 1424 2359 1491 quoque
2404 1404 2801 1471 incommoda
2831 1408 2896 1470 et
2927 1404 3049 1470 tri·

698 1510 825 1575 stia
869 1509 1036 1576 inter
1103 1511 1303 1578 socios
1350 1512 1630 1578 eiusdem
1696 1511 1962 1578 foederis
2009 1511 2364 1577 communia
2412 1531 2545 1577 esse
2615 1511 2866 1577 debent.
2963 1511 3052 1575 At

699 1635 846 1682 cum
906 1616 1264 1702 antiquitus
1333 1620 1659 1703 receptum
1702 1618 1789 1685 sit
1846 1618 2097 1685 foedera
2141 1621 2206 1684 et
2249 1618 2423 1702 pacis
2469 1619 2655 1702 pacta
2720 1617 3052 1683 interdum

697 1722 983 1789 renovari
1041 1743 1114 1789 ac
1157 1711 1272 1808 ‘pro
1339 1726 1643 1810 temporis
1713 1744 2044 1810 rerumque
2114 1726 2354 1791 ratione
2399 1727 2465 1790 et
2536 1723 3053 1789 contrabentium

696 1829 960 1895 arbitrio
991 1831 1227 1896 mutari
1272 1851 1467 1915 posse,
1515 1832 1777 1917 proinde
1809 1832 2104 1917 utrinque
2150 1830 2439 1914 expedire
2484 1833 2766 1915 putatur,
2816 1833 2892 1896 ut
2925 1829 3054 1894 alia

695 1936 1060 2020 pactionum
1092 1938 1252 2003 ratio
1292 1941 1357 2004 et
1385 1939 1586 2004 forma
1630 1958 1743 2023 pro
1790 1940 2135 2023 praesentis
2180 1939 2482 2022 temporis
2528 1937 2754 2003 habitu
2798 1936 3056 2003 ineatur

698 2042 1228 2127 describaturque.
1292 2044 1441 2111 Ideo
1487 2045 1720 2129 oppida
1764 2045 1888 2110 huc
1932 2047 2084 2110 sunt
2127 2047 2482 2124 convocata,
2532 2048 2607 2110 ut
2637 2063 2725 2124 ea,
2772 2062 2938 2128 quae
2972 2041 3056 2108 ad

698 2149 862 2214 hanc
908 2170 1040 2216 rem
1071 2151 1520 2217 conficiendam
1564 2151 1913 2217 necessaria
1958 2170 2090 2216 esse
2135 2151 2537 2232 videbuntur,
2586 2149 2755 2215 inter
2800 2168 2867 2214 se
2900 2168 3057 2214 con-

696 2255 902 2321 ferant
947 2258 1039 2337 et,
1104 2256 1159 2321 si
1204 2257 1360 2322 fides
1429 2259 1757 2341 pactorum
1823 2260 2006 2323 firma
2050 2260 2163 2340 sit,
2228 2257 2357 2323 sive
2404 2276 2478 2323 ea
2521 2260 2853 2322 mutentur
2917 2255 3060 2321 sive

700 2361 1083 2427 contractius
1148 2363 1594 2447 explicatiusve
1640 2383 1752 2447 pro
1799 2363 2100 2447 temporis
2170 2382 2504 2446 rerumque
2551 2362 2789 2428 ratione
2835 2360 3058 2426 conci-

699 2468 972 2552 piantur.
1067 2469 1331 2536 Senatus
1379 2471 1631 2554 totaque
1688 2470 2046 2555 respublica
2091 2468 2597 2536 Monasteriensis
2645 2468 3064 2534 dissimulata

700 2575 1008 2658 superiori
1054 2577 1407 2658 violatione,
1456 2596 1533 2642 ne
1562 2581 1774 2643 tamen
1823 2578 2029 2643 simile
2076 2578 2413 2663 quicquam
2458 2577 2528 2641 in
2574 2579 2903 2660 posterum
2944 2575 3062 2639 de-

701 2680 1005 2765 signetur,
1080 2703 1236 2748 novo
1304 2682 1538 2749 foederi
1607 2703 1739 2749 sese
1784 2686 2137 2750 committet
2183 2688 2272 2767 et,
2323 2684 2378 2749 si
2424 2703 2581 2767 opus
2629 2683 2743 2764 sit,
2792 2682 3065 2766 oppidis

699 2788 1084 2870 praesidium
1130 2808 1253 2854 non
1301 2791 1576 2875 negabit.
1642 2792 1744 2857 Ita
1776 2791 1943 2857 enim
1990 2792 2119 2873 fiet,
2168 2794 2243 2856 ut
2274 2790 2498 2856 civitas
2533 2789 3067 2856 Monasteriensis

699 2895 1064 2980 reliquaque
1110 2896 1342 2980 oppida
1386 2898 1596 2963 omnia
1661 2898 1905 2964 foedere
1951 2918 2074 2964 non
2148 2898 2354 2964 soluto
2407 2916 2527 2980 pro
2571 2916 2697 2962 una
2743 2896 3069 2961 dioecesis

699 3004 876 3085 parte
922 3022 1032 3069 seu
1079 3006 1251 3069 statu
1296 3004 1620 3070 habeatur.
1714 3004 1883 3085 Quid
1927 3004 2154 3070 horum
2199 3003 2430 3069 facturi
2477 3003 2627 3086 sint,
2676 3022 2894 3069 secum
2948 3002 3072 3069 de·

659 3107 972 3176 ‚liberent
1016 3112 1081 3176 et
1125 3109 1531 3176 *Monasterii
1576 3110 2026 3195 propemodum
2074 3110 2549 3195 respondeant.“

911 3215 1006 3280 Ad
1057 3216 1210 3281 haec
1255 3217 1450 3300 legati
1495 3217 1903 3301 oppidorum:
1968 3217 2101 3282 Sibi
2149 3217 2339 3302 longa
2382 3217 2845 3282 consultatione
2894 3237 3074 3301 opus

697 3342 821 3388 non
869 3341 1035 3404 esse;
1100 3343 1164 3388 se
1209 3321 1378 3388 enim
1424 3323 1797 3407 iampridem
1846 3342 2213 3407 responsum
2260 3324 2680 3389 deliberatum
2724 3322 3072 3389 habuisse.

697 3429 986 3494 Primum
1033 3429 1247 3514 itaque
1278 3430 1658 3513 respondent
1705 3450 1770 3495 se
1813 3432 1995 3513 pacta
2045 3429 2399 3512 antiquitus
2453 3429 2623 3495 inter
2651 3430 2842 3494 urbes
2889 3428 3082 3495 inita

696 3554 823 3600 non
867 3536 1139 3619 rupisse,
1211 3535 1320 3601 sed
1366 3535 1644 3601 civitatis
1714 3535 2224 3601 Monasteriensis
2287 3534 2476 3619 culpa
2521 3534 2834 3601 dissoluta
2899 3556 3079 3619 esse,

697 3661 845 3707 cum
888 3645 1106 3707 contra
1172 3641 1562 3724 pontificem,
1625 3644 1845 3708 contra
1889 3642 2240 3723 ecclesiam,
2290 3644 2508 3707 contra
2565 3641 3085 3723 imperatorium

697 3748 975 3813 edictum
1006 3749 1071 3813 et
1099 3751 1318 3814 contra
1360 3749 1602 3833 patriae
1647 3747 2016 3833 principem,
2068 3748 2177 3831 qui
2231 3749 2298 3813 in
2356 3747 2595 3813 tabulis
2642 3746 2928 3814 foederis
2985 3749 3086 3814 si-

694 3854 907 3938 gnatis
940 3854 1072 3919 sint
1101 3854 1360 3939 excepti,
1411 3874 1570 3919 nova
1600 3853 1805 3919 multa
1834 3854 2188 3919 inconsulte
2219 3853 2541 3919 invexerit.
2600 3852 2809 3918 Multo
2846 3855 3088 3939 magis

697 3959 897 4044 igitur
954 3960 1203 4043 oppidis
1274 3959 1573 4044 querendi
1642 3979 1895 4025 causam
1941 3959 2017 4025 de
2064 3960 2297 4025 violato
2363 3979 2476 4043 per
2518 3958 3091 4027 Monasterienses

696 4065 941 4131 foedere
986 4065 1198 4131 datam
1227 4086 1378 4148 esse,
1428 4067 1596 4132 sicut
1641 4067 1705 4130 et
1749 4083 1910 4130 auno
1959 4065 2268 4148 superiori
2308 4067 2410 4130 30.
2446 4063 2739 4130 Octobris
2787 4084 3093 4150 respon-

696 4192 840 4238 sum
872 4172 960 4238 sit
977 4176 1018 4237 ¹.
1085 4173 1327 4238 Deinde
1361 4173 1525 4239 sein
1570 4170 2033 4255 praeiudicium
2076 4170 2384 4255 principis
2429 4170 2828 4255 aliorumque
2886 4173 3098 4241 dioe-

914 4350 956 4416 ¹)
992 4349 1118 4421 vgl.
1157 4349 1252 4404 das
1290 4349 1583 4404 Schreiben
1620 4348 1717 4401 der
1749 4346 2064 4401 westlichen
2102 4345 2294 4401 Stadte
2329 4346 2430 4400 Bd.
2459 4349 2486 4401 1
2528 4346 2583 4401 S.
2620 4347 2728 4401 293
2748 4346 2807 4400 ff.
