3259 5075
607 237 739 302 674
1468 235 1652 299 Anno
1712 235 1876 299 1534
1922 238 2079 299 acta.

607 415 822 497 portae
870 411 1147 477 civitatis
1195 411 1522 476 dissolutis
1569 409 1978 494 compagibus
2045 410 2433 491 sternuntur,
2485 409 2794 493 quaedam
2838 429 2965 474 nu-

606 520 813 585 tantes
846 518 1216 601 ruinamque
1249 517 1582 583 minantes·
1607 517 1902 600 pendent,
1930 536 2105 600 quae,
2141 537 2217 582 ne
2251 516 2319 580 in
2350 516 2548 580 fossas
2581 516 2963 599 praecipites

609 627 825 705 ruant,
891 623 1150 688 funibus
1198 623 1275 687 ab
1324 621 1656 705 oppidanis
1717 621 2146 687 attrahuntur.
2239 624 2469 686 Turres
2516 623 2586 687 in
2631 622 2964 688 moenibus

612 732 848 794 stantes
881 728 1235 812 sphaerulis
1279 728 1499 793 ferreis
1547 728 1858 809 impulsae
1904 729 2283 793 excavantur
2322 730 2386 792 et
2416 728 2768 792 defensores
2815 728 2963 792 inde

611 836 1060 916 deturbantur3
1110 837 1173 898 et
1203 852 1349 899 cum
1381 853 1414 897 e
1444 833 1610 897 turri
1643 833 1814 898 aedis
1861 834 2178 898 Marianae
2210 833 2463 899 Geldris
2496 854 2724 917 magna
2754 834 2962 898 clades

611 940 962 1006 missilibus
992 940 1350 1023 inferretur,
1391 939 1668 1004 multum
1699 939 1932 1003 laboris
1965 941 2027 1003 et
2056 939 2375 1020 impensae
2406 940 2476 1004 in
2511 961 2583 1005 ea
2613 940 2966 1005 deiicienda

609 1048 848 1113 frustra
917 1046 1332 1111 consumitur.
1426 1047 1637 1111 Habet
1698 1046 1867 1110 enim
1929 1045 2361 1110 firmissimam
2425 1047 2632 1111 basim
2679 1067 2710 1110 e
2756 1046 2964 1129 patrio

610 1172 922 1218 marmore
968 1154 1031 1216 et
1077 1153 1243 1218 calce
1288 1153 1600 1217 tenaciore
1648 1152 2117 1233 consolidatam,
2181 1171 2340 1235 quae
2387 1153 2638 1235 quosvis
2684 1154 2966 1217 tormen-

610 1263 824 1326 torum
868 1260 1033 1324 ictus
1079 1259 1264 1323 facile
1298 1260 1573 1343 respuit3
1623 1258 1944 1323 arroditur
1976 1259 2191 1323 tamen
2236 1260 2314 1322 ab
2348 1277 2572 1324 occasu
2618 1259 2754 1323 eius
2788 1278 2962 1340 apex,

613 1365 719 1431 sed
769 1366 903 1431 sine
934 1366 1150 1429 fructu
1170 1368 1212 1430 ¹.
1280 1365 1622 1430 Cacumina
1653 1386 1724 1429 ac
1756 1365 1983 1447 pinnae
2030 1383 2359 1430 murorum
2392 1367 2469 1430 ab
2503 1384 2727 1429 occasu
2773 1364 2967 1429 aesti-

610 1473 740 1537 vali
786 1474 955 1537 inter
1013 1472 1258 1554 portam
1326 1472 1802 1536 Iudefeldanam
1847 1474 1912 1537 et
1958 1471 2179 1536 Crucis
2240 1490 2440 1551 usque
2486 1471 2566 1536 ad
2610 1471 2853 1536 vallum
2898 1470 2970 1534 in

611 1581 768 1644 urbe
819 1579 1153 1658 obiectum,
1228 1579 1362 1643 sine
1406 1599 1636 1663 magna
1680 1581 1893 1643 tamen
1939 1578 2313 1643 munitionis
2359 1598 2536 1660 noxa,
2587 1580 2970 1661 quassantur

613 1688 678 1751 et
722 1684 1131 1750 abraduntur.
1207 1685 1398 1767 Saepe
1431 1685 1625 1749 etiam
1671 1686 1921 1768 tegulae
1955 1685 2285 1749 domorum
2328 1685 2397 1748 in
2428 1684 2727 1766 pomeriis
2760 1702 2969 1747 errore

612 1794 814 1857 tactae
859 1811 1087 1875 magno
1134 1811 1280 1855 cum
1338 1791 1582 1874 fragore
1629 1794 1950 1856 corruunt.
2045 1791 2146 1855 Ita
2192 1810 2337 1854 saxa
2398 1790 2598 1854 muris
2658 1788 2970 1853 dissoluta

613 1901 677 1962 et
708 1898 923 1963 evulsa
953 1899 1187 1979 volant,
1235 1900 1312 1962 ut
1356 1897 1423 1961 in
1456 1897 1612 1962 locis
1661 1897 1938 1980 pomerio
1986 1898 2212 1962 vicinis
2261 1897 2395 1961 sine
2428 1895 2793 1960 discrimine
2828 1914 2969 1960 ver-

615 2005 740 2069 sari
788 2024 911 2069 non
955 2004 1229 2069 licuerit.
1323 2004 1528 2068 Tanta
1593 2003 1918 2068 fumorum
1961 2002 2168 2068 instar
2211 2021 2587 2086 magnorum
2655 2002 2971 2066 montium

613 2111 807 2175 moles
854 2109 1227 2192 conglobata
1272 2110 1608 2192 attollitur,
1661 2116 1736 2175 ut
1779 2110 2014 2192 partim
2061 2131 2092 2174 e
2123 2110 2381 2193 pulvere
2429 2110 2683 2191 nitrato,
2735 2109 2972 2191 partim

614 2213 882 2279 aliarum
927 2235 1140 2280 rerum
1202 2216 1389 2279 ruina
1434 2216 1570 2280 siue
1638 2216 2103 2281 intermissione
2175 2216 2442 2281 excitata
2500 2224 2707 2281 aerem
2754 2216 2972 2298 opplet

614 2321 915 2404 tantaque
947 2321 1215 2404 caligine
1264 2322 1414 2386 solis
1458 2322 1665 2386 lucem
1698 2323 2011 2405 obscurat,
2061 2326 2136 2387 ut
2167 2322 2413 2387 coelum
2456 2322 2756 2387 horrifica
2799 2321 2972 2386 toni-

614 2428 762 2491 trua
804 2427 1232 2510 maximosque
1300 2427 1535 2492 imbres
1604 2428 1835 2492 minari
1904 2429 2220 2493 existimes
2242 2432 2283 2495 ².
2377 2427 2692 2510 Quicquid
2756 2430 2972 2492 autem

614 2552 943 2598 murorum
990 2532 1307 2617 deiicitur,
1379 2534 1684 2619 quicquid
1728 2536 2157 2600 munitionum
2203 2536 2484 2601 interdiu
2527 2534 2969 2617 labefactatur,
3027 2609 3030 2612 Δ

613 2639 910 2704 mulieres
959 2640 1353 2724 quorundam
1384 2641 1666 2706 virorum
1712 2642 1910 2706 ductu
1941 2642 2245 2707 excitatae
2290 2645 2482 2707 noctu
2526 2642 2839 2726 reparant,
2889 2661 2971 2706 ne

614 2745 738 2810 viri
783 2764 853 2810 eo
898 2745 1112 2811 labore
1178 2745 1508 2830 defatigati
1555 2747 1720 2812 vires
1768 2767 1912 2812 suas
1960 2748 2322 2830 debilitent,
2388 2748 2491 2812 sed
2541 2748 2821 2831 integras
2866 2747 2971 2812 fu-

613 2854 795 2916 turae
863 2852 1320 2936 oppugnationi
1386 2855 1706 2919 reservent
1723 2855 1766 2919 ³.
1859 2854 2190 2938 Apparant
2250 2857 2462 2919 tamen
2526 2873 2707 2920 omne
2770 2872 2971 2937 genus

834 3029 872 3097 ¹)
910 3029 1036 3099 Vgl.
1076 3046 1170 3083 zur
1206 3029 1769 3084 Ucberwasserkirche
1809 3030 1948 3084 auch
1988 3032 2125 3085 oben
2162 3030 2217 3085 S.
2256 3031 2325 3083 53
2346 3031 2385 3086 f.
2441 3031 2541 3085 Bei
2581 3032 2759 3085 seiner
2796 3029 2971 3085 Schil-

614 3118 825 3187 derung
878 3118 974 3173 der
1009 3118 1372 3189 Verwiistung
1411 3119 1506 3173 der
1540 3119 1779 3173 Kirchen
1837 3119 2046 3174 erziihlt
2081 3120 2150 3174 H.
2191 3119 2544 3174 Gresbeck
2598 3119 2651 3173 S.
2697 3120 2813 3187 159,
2868 3120 2973 3174 wie

616 3206 705 3260 die
731 3206 1130 3261 Wiedertiiufer
1168 3224 1308 3262 zwar
1344 3208 1484 3261 auch
1522 3206 1618 3261 das
1645 3207 1841 3262 Innere
1879 3207 1975 3261 der
1998 3207 2560 3262 Ueberwa-sserkirche
2599 3210 2843 3275 zerstort,
2883 3206 2974 3260 die

614 3295 815 3350 Kirche
852 3294 1023 3350 selbst
1059 3297 1188 3350 aber
1224 3295 1379 3349 nicht
1416 3296 1792 3365 abgebrochen
1829 3296 2041 3351 hatten.
2100 3297 2222 3350 Nur
2258 3297 2346 3350 dic
2383 3298 2573 3367 Kappe
2610 3312 2733 3349 vom
2771 3295 2973 3350 Turme

614 3385 695 3438 sei
731 3383 1187 3453 niedergeworfcn
1225 3383 1466 3453 worden,
1523 3384 1611 3438 die
1651 3384 1892 3438 Glocken
1945 3385 2093 3439 scien
2129 3386 2206 3438 im
2243 3385 2441 3439 Turme
2478 3383 2805 3438 verblieben.
2881 3383 2975 3438 Sie

616 3470 826 3540 hatten,
864 3475 1006 3526 setzt
1031 3488 1089 3526 er
1114 3471 1257 3526 dann
1282 3472 1464 3540 hinzu,
1503 3490 1610 3542 „up
1652 3472 1954 3527 demselven
1981 3476 2105 3527 torn
2142 3477 2247 3528 twe
2275 3473 2434 3527 halve
2460 3472 2690 3543 slangon
2725 3488 2798 3542 up
2825 3473 2973 3526 stain

615 3558 729 3613 und
765 3558 938 3614 deden
976 3559 1153 3630 groite
1190 3560 1371 3614 schuit
1423 3562 1480 3614 in
1519 3561 1616 3614 dat
1652 3560 1805 3631 leger
1840 3560 1929 3614 fur
1966 3561 2054 3614 die
2091 3563 2223 3615 stat.
2283 3561 2365 3615 So
2403 3561 2669 3615 hcbben
2724 3562 2820 3614 sie
2858 3560 2974 3615 die

617 3651 770 3703 torn
808 3647 931 3701 uth
968 3648 1116 3702 dem
1151 3646 1351 3718 leger
1388 3649 1504 3704 tho
1545 3648 1869 3704 schotten
1907 3649 2043 3702 und
2079 3649 2346 3703 hebben
2384 3649 2546 3703 ouck
2583 3647 2694 3702 die
2729 3648 2973 3703 kercke

616 3735 787 3791 doer
823 3735 944 3790 dat
979 3735 1143 3790 dack
1181 3736 1576 3806 geschoten.
1652 3737 1793 3792 Sufs
1831 3738 1888 3792 is
1926 3736 2034 3791 die
2070 3737 2308 3792 kercke
2363 3738 2551 3791 stain
2590 3735 2974 3807 gebleven.“

832 3823 879 3893 ⁹)
917 3824 1155 3895 Vorlage
1210 3825 1300 3879 fiir
1335 3826 1519 3882 KersS.
1555 3826 1631 3880 ist
1667 3826 1786 3880 hier
1839 3825 1952 3879 und
2005 3826 2081 3879 im
2117 3825 2433 3896 Folgenden
2487 3824 2575 3881 die
2613 3824 2974 3896 Schilderung

615 3914 706 3968 bei
743 3912 893 3969 Joh.
930 3914 1318 3968 Fabricius
1354 3914 1715 3969 Bolandus
1751 3914 1840 3969 Bl.
1878 3914 1969 3968 88
2005 3931 2060 3969 u.
2097 3914 2275 3970 Tlff.

832 4000 881 4070 ⁸)
922 4001 1071 4056 Ganz
1109 4002 1332 4056 ahnlich
1368 4002 1578 4057 lautete
1617 4002 1784 4057 schon
1821 4002 2052 4058 Kerss.’s
2088 4002 2450 4074 Schilderung
2485 4003 2574 4057 bei
2612 4001 2975 4072 Gelegenheit

614 4088 713 4144 des
750 4093 929 4146 ersten
967 4089 1209 4146 Sturmes
1249 4090 1350 4144 auf
1379 4091 1627 4146 Miinster
1666 4091 1731 4159 (s.
1771 4090 1908 4146 oben
1946 4091 2000 4146 S.
2039 4091 2187 4159 592).
2243 4090 2278 4144 J
2289 4109 2319 4145 o
2334 4091 2390 4144 h.
2427 4091 2808 4145 Fabricius
2844 4091 2973 4145 Bo-

617 4177 870 4233 landns
907 4196 957 4234 a.
984 4197 1033 4235 a.
1055 4179 1122 4235 Ο.
1158 4183 1309 4250 sagt:

1044 4267 1183 4336 „Ast
1219 4284 1283 4321 ea
1320 4267 1465 4338 quod
1503 4267 1688 4322 damni
1725 4268 1937 4323 faciunt
1972 4268 2076 4323 sibi
2112 4267 2251 4336 luce,
2289 4283 2386 4338 per
2423 4270 2571 4322 atras

1150 4355 1436 4410 Instaurat
1472 4360 1660 4411 noctes
1696 4358 1843 4428 regis
1878 4357 2082 4428 ubique
2123 4355 2333 4413 labor.“
