3259 5075
1243 334 1428 402 Anno
1478 337 1653 403 1534
1697 338 1856 403 acta.
2586 338 2719 405 613

363 510 736 595 trifurcifer,
786 512 941 578 satis
986 511 1102 577 din
1159 512 1274 577 has
1321 511 1503 578 aedes
1549 513 1797 579 rexisti!
1890 511 2053 579 Cum
2098 513 2310 579 omnia
2359 512 2541 579 nobis
2587 513 2720 579 sint

365 620 745 703 communia,
793 621 1053 704 regendi
1096 621 1263 686 vices
1307 640 1496 706 penes
1540 623 1606 686 te
1652 640 1780 687 non
1823 622 2012 686 erunt
2026 621 2085 686 !“
2147 618 2480 698 Querelam
2524 620 2716 686 huius

363 726 630 792 violenti
697 726 995 792 facinoris
1057 726 1462 792 Reimensnid
1470 746 1614 792 erus
1676 726 1757 791 ad
1817 726 2091 792 seniores
2137 728 2203 792 et
2258 728 2469 810 patres
2536 726 2714 790 urbis

364 831 584 915 defert,
632 852 904 917 quorum
949 834 1128 898 iussu
1158 833 1455 899 continuo
1501 834 1844 916 capiuntur
1887 835 1954 899 et
1994 832 2225 898 ultima
2267 832 2442 897 Iunii
2481 832 2549 896 in
2593 851 2714 915 pu-
2740 851 2811 895 ³0.
2838 847 2975 895 sum.

362 937 532 1004 blico
602 939 837 1004 iudicio
896 939 1090 1004 morti
1157 939 1621 1006 adiudicantur.
1715 939 1871 1004 Fuit
1929 940 2140 1004 autem
2207 957 2441 1004 novum
2485 938 2605 1003 1100
2650 940 2715 1004 et

362 1045 647 1129 exemplo
693 1065 910 1112 carens
957 1046 1258 1129 supplicii
1301 1065 1519 1130 genus.
1581 1047 1749 1112 Nam
1790 1046 1862 1111 in
1893 1066 2111 1130 campo
2157 1044 2471 1110 dominico
2503 1063 2542 1108 a
2567 1043 2713 1109 tih‘a

360 1150 458 1216 ibi
503 1154 653 1217 nata
711 1152 993 1218 numella
1050 1153 1367 1218 versatilis
1435 1153 1762 1238 dependet.
1855 1153 2025 1218 Huic
2093 1151 2332 1236 singuli
2376 1170 2449 1216 ex
2495 1149 2712 1216 ordine

361 1255 527 1321 colla
585 1276 700 1322 sua
759 1258 1049 1324 inserunt
1116 1260 1303 1343 atque
1362 1258 1457 1324 ita
1514 1258 1769 1343 religati
1833 1258 2167 1324 tormentis
2228 1258 2308 1322 ab
2354 1256 2711 1322 astantibus

358 1361 773 1428 traiiciuntur
815 1362 1137 1448 vitamque
1180 1364 1430 1430 miseris
1475 1364 1679 1429 modis
1726 1363 1980 1429 finiunt.
2058 1364 2117 1429 N
2119 1382 2188 1428 ec
2234 1363 2493 1427 deerant
2536 1360 2710 1426 iacu-

357 1466 588 1534 latores
634 1470 704 1534 in
735 1489 950 1535 necem
993 1471 1371 1536 miserorum
1414 1471 1641 1554 parati.
1711 1470 1771 1535 N
1773 1490 1876 1535 am
1907 1490 2054 1535 cum
2096 1469 2405 1553 propheta
2449 1467 2708 1532 cruento

357 1574 472 1639 isti
516 1578 875 1658 spectaculo
908 1578 1119 1642 astans
1165 1577 1678 1661 acceptissimum
1723 1576 1895 1642 hunc
1924 1577 2101 1642 Patri
2148 1574 2405 1641 coelesti
2450 1573 2704 1656 diceret,

356 1682 539 1746 cuius
586 1684 796 1766 prima
837 1704 1033 1749 manu
1075 1683 1323 1768 flagitia
1366 1702 1400 1748 e
1443 1682 1654 1750 medio
1699 1683 1953 1749 Israelis
1999 1682 2309 1748 tollantur
2327 1683 2370 1763 ¹,
2418 1679 2709 1746 certatim

356 1787 535 1852 tiliae
566 1788 858 1873 alligatos
905 1790 1258 1873 sphaerulis
1304 1789 1732 1856 bombardicis
1780 1788 2117 1872 perforant.
2182 1788 2320 1853 Hoc
2365 1805 2523 1852 novo
2556 1804 2706 1869 snp-

354 1892 538 1976 plicii
579 1913 806 1977 genere
848 1896 943 1960 ita
974 1895 1276 1979 oppidani
1319 1895 1389 1960 in
1420 1895 1627 1961 officio
1661 1897 2042 1976 coercentur,
2091 1895 2414 1959 utcontra
2458 1891 2707 1957 decreta

355 1999 673 2066 seniorum
718 2003 783 2067 et
824 2002 1166 2086 prophetae
1212 2020 1290 2066 ue
1332 2002 1568 2067 mutire
1613 2001 1871 2086 quidem
1917 2000 2204 2067 audeant.

352 2192 680 2276 Scriptum
711 2194 1038 2277 privatum
1067 2195 1458 2262 Germanicis
1490 2195 1764 2280 rythmis
1793 2196 2035 2261 incerto
2067 2196 2318 2260 auctore
2348 2193 2704 2259 confectum

663 2302 731 2366 et
772 2301 1154 2366 Monasterio
1201 2301 1474 2366 eiectum
1493 2303 1535 2382 ²,
1584 2301 1766 2366 cuius
1811 2301 1965 2368 haec
2010 2300 2383 2385 epigraphe:

570 2440 926 2522 „Militibus
974 2442 1389 2534 omnibusque
1433 2442 1720 2508 candidis
1765 2441 2219 2508 Monasterium
2266 2439 2701 2507 obsidentibus

351 2546 446 2612 S.!
522 2548 693 2612 Deus
741 2548 1163 2632 omnipotens,
1228 2549 1514 2614 omnium
1558 2569 1774 2615 rerum
1830 2550 2120 2632 initium,
2184 2548 2482 2633 suggerat
2538 2546 2702 2612 mihi

346 2656 750 2738 mentemque
794 2673 1000 2719 meam
1068 2655 1375 2737 illustret,
1425 2663 1501 2722 ut
1544 2675 1653 2721 vos
1699 2657 2029 2722 induratos
2076 2657 2140 2721 et
2184 2655 2538 2721 excaecatos
2583 2654 2700 2718 110-

346 2759 550 2824 mines
594 2760 687 2825 ita
716 2760 873 2825 meis
913 2760 1167 2843 scriptis
1214 2781 1657 2845 commoveam,
1705 2782 1786 2828 ne
1812 2763 1884 2827 in
1914 2764 2046 2827 tam
2077 2761 2227 2827 crud
2236 2760 2320 2826 eli
2363 2759 2700 2844 tyrannide

345 2866 777 2948 perseveretis
857 2864 967 2932 *Si
1010 2867 1217 2932 Deum
1275 2869 1665 2952 verbumque
1710 2868 1889 2933 1111110
1952 2866 2429 2952 persequimini,
2499 2864 2699 2931 vestri
2723 2878 2819 2951 Ἴ).
2855 2878 2978 2937 510.

346 2973 608 3037 conatus
655 2973 843 3038 erunt
886 2972 1059 3038 irriti
1089 2974 1153 3037 et
1196 2973 1432 3040 inanes.
1500 2974 1621 3039 Sed
1667 2975 1826 3039 illud
1876 2994 2003 3039 non
2048 2976 2180 3039 tam
2210 2972 2389 3038 vobis
2436 2971 2695 3055 sangui-

344 3077 543 3142 nariis
590 3078 879 3161 canibus,
951 3079 1061 3145 sed
1105 3080 1264 3163 illis,
1315 3081 1428 3165 qui
1472 3100 1584 3145 vos
1629 3080 1818 3146 aliter
1862 3081 2182 3163 docerent,
2244 3076 2695 3162 imputandum

344 3185 458 3248 est.
527 3184 737 3249 Huius
783 3185 877 3250 rei
921 3185 1251 3269 episcopus
1296 3187 1505 3251 vester
1549 3185 1677 3251 dux
1722 3188 1835 3268 est,
1886 3186 1998 3269 qui
2041 3205 2150 3250 vos
2182 3183 2258 3249 ad
2293 3202 2430 3249 eam
2474 3184 2693 3266 tyran-

343 3288 558 3354 nidem
602 3291 1006 3355 exercendam
1051 3291 1300 3358 invitat.
1393 3292 1564 3357 Huic
1609 3294 1918 3358 armatam
1960 3293 2235 3357 vestram
2281 3308 2534 3374 operam
2580 3287 2691 3354 ad-

339 3393 613 3478 dixistis,
662 3415 851 3479 quem
895 3416 1277 3481 anargyrum
1309 3417 1442 3462 esse
1473 3398 1650 3463 scitis
1668 3399 1713 3465 ⁸.
1778 3398 2179 3481 Stipendium
2210 3396 2379 3462 euim
2408 3397 2688 3461 vestrum

558 3608 600 3677 ¹)
637 3609 757 3663 Den
793 3607 1106 3679 Ausspruch
1146 3609 1306 3676 „Wer
1340 3626 1414 3664 nu
1454 3609 1591 3664 Gott
1625 3611 1717 3664 0111
1752 3609 1933 3664 dienst
1968 3609 2107 3664 thun
2141 3608 2258 3677 wil,
2313 3608 2410 3663 der
2443 3606 2545 3660 thu
2582 3604 2688 3660 den

335 3699 520 3750 ersten
557 3695 768 3751 schofs“
807 3697 928 3767 legt
962 3696 1102 3752 auch
1137 3697 1206 3752 H.
1244 3698 1293 3751 D
1310 3714 1427 3767 orp
1469 3697 1558 3752 Bl.
1594 3696 1641 3751 E
1659 3698 1722 3751 4v
1758 3696 1881 3751 dem
1915 3696 2226 3768 Propheten
2260 3698 2319 3750 in
2356 3694 2461 3750 den
2495 3692 2684 3763 Hand,

334 3784 470 3839 aber
494 3789 607 3840 eret
639 3786 730 3841 bei
752 3787 1086 3859 Bestrafung
1122 3787 1218 3842 der
1253 3805 1323 3842 an
1348 3787 1472 3842 dem
1506 3788 1696 3842 weiter
1719 3790 1889 3842 unten
1925 3805 2030 3842 von
2065 3787 2248 3843 Keras.
2285 3785 2683 3858 geschilderten

332 3872 875 3930 Mollenheckeschen
911 3875 1184 3931 Aufstand
1218 3876 1544 3947 beteiligten
1577 3877 1807 3947 Biirger.

551 3961 596 4031 ⁸)
633 3964 746 4017 Das
783 3964 1040 4019 deutsche
1079 3964 1314 4020 Gedicht
1352 3967 1429 4020 ist
1462 3965 1548 4019 bis
1583 3964 1750 4020 heuto
1785 3964 1927 4019 noch
1964 3964 2118 4019 nicht
2154 3963 2540 4035 ausgefunden.

551 4049 596 4119 ⁸)
630 4051 745 4106 Der
777 4051 947 4106 Droet
998 4051 1062 4107 E.
1098 4070 1147 4107 v.
1186 4051 1238 4108 d.
1274 4053 1453 4108 Recke
1490 4069 1557 4107 zu
1595 4053 1795 4107 Hamm
1846 4051 2004 4107 hatte
2057 4051 2225 4107 sehon
2282 4069 2370 4106 am
2409 4051 2493 4104 14.
2526 4050 2682 4121 April

330 4137 458 4193 dem
493 4138 709 4210 Herzog
731 4157 835 4194 von
861 4139 1022 4195 Cleve
1059 4140 1380 4212 Mitteilung
1415 4141 1687 4212 gemacht,
1724 4143 1825 4196 wie
1852 4140 2033 4212 Georg
2056 4135 2318 4209 Tilmans,
2357 4140 2446 4195 ein
2468 4140 2683 4210 Bfirger

329 4228 391 4281 in
427 4227 641 4299 Hamm,
695 4231 872 4284 einem
906 4229 1320 4285 Landslmechte
1375 4230 1476 4284 anf
1523 4229 1715 4286 dessen
1752 4230 2083 4301 Erklarung,
2139 4229 2262 4284 dem
2296 4228 2553 4285 Bischofe
2589 4245 2680 4283 zu-

330 4315 523 4371 ziehon
559 4333 627 4371 zu
661 4316 873 4387 wollen,
930 4319 1224 4390 zugerufen
1259 4318 1429 4373 habe:
1472 4318 1636 4387 „Wat
1667 4319 1840 4373 wultu
1879 4318 2000 4374 dem
2037 4318 2405 4390 amechtigen,
2460 4318 2680 4389 luzigen

328 4404 588 4476 bischope
623 4404 852 4462 deinen?
923 4408 1009 4462 De
1045 4424 1113 4463 en
1147 4406 1269 4462 heft
1301 4409 1397 4479 gin
1434 4407 1657 4479 9011101ας
1718 4408 1814 4475 (Μ.
1853 4407 2012 4475 G.-Q.
2047 4407 2127 4478 II,
2164 4408 2269 4462 227
2290 4408 2372 4476 f.).
2442 4408 2561 4463 Anf
2590 4407 2680 4463 die
