3259 5075
1160 270 1344 337 Anno
1397 272 1569 338 1534
1614 274 1772 337 acta.
2499 271 2632 338 509

285 450 418 516 sint
483 450 768 515 illustres
812 451 1200 533 verbumque
1243 449 1363 514 Dei
1417 469 1574 532 pure
1620 451 1685 515 et
1730 450 1865 514 sine
1908 449 2046 514 ulla
2109 449 2419 514 humanae
2477 449 2631 514 fecis

285 558 670 623 admixtione
714 556 1079 622 incredibili
1125 556 1398 641 quadam
1441 555 1738 622 facundia
1778 558 1963 641 atque
2010 555 2319 621 suavitate
2350 555 2628 621 doceant.

286 665 356 731 Si
398 663 663 748 proinde
707 664 903 729 saluti
955 682 1103 728 suae
1150 665 1471 728 consulere
1524 663 1754 745 velint,
1827 682 1971 728 cum
2015 663 2313 727 uxoribus
2382 663 2630 728 liberis-

286 789 408 855 que
453 770 691 835 relictis
739 770 965 853 opibus
1012 770 1277 835 terrenis
1324 771 1404 835 ad
1451 790 1515 836 se
1561 770 1834 851 veniant,
1887 789 2114 835 novam
2160 788 2341 834 suam
2386 770 2629 852 Hyero-

287 877 573 942 solimam
622 878 685 942 et
730 877 937 960 Syona
978 873 1449 961 *templumque
1494 876 1843 943 Salomonis
1876 895 2095 942 verum
2141 895 2212 941 ac
2243 876 2480 941 aeterni
2510 876 2630 941 Dei
2656 894 2751 967 *μ
2787 894 2922 951 443..

286 983 535 1048 cultum
578 983 829 1066 explosa
873 983 1045 1049 omni
1090 982 1471 1048 idolomania
1513 984 1583 1047 in
1630 1002 1701 1048 eo
1747 1001 1959 1048 secum
2007 983 2378 1048 instaurent.
2449 982 2627 1066 Ipsos

283 1091 531 1173 praeter
576 1089 908 1154 coelestem
968 1089 1336 1154 thesaurum
1397 1089 1551 1154 satis
1599 1107 1791 1172 opum
1857 1087 2206 1153 habituros.
2300 1089 2468 1153 Haec
2512 1090 2629 1154 ubi

284 1197 451 1263 fama
495 1197 683 1261 urbes
730 1197 794 1261 et
839 1215 1032 1280 pagos
1077 1196 1315 1279 passim
1360 1198 1823 1280 pervagaretur,
1881 1196 2059 1260 tanta
2101 1194 2379 1277 undique
2423 1195 2628 1260 homi-

282 1322 440 1367 num
485 1302 668 1385 copia
733 1303 1013 1368 novitate
1057 1301 1331 1367 nominis
1378 1304 1442 1367 et
1487 1321 1699 1367 rerum
1758 1301 2149 1366 inflammata
2207 1302 2505 1384 accurrit,
2554 1303 2629 1367 ut

283 1427 678 1494 egressorum
708 1408 949 1475 civium
978 1408 1286 1474 iacturam
1317 1428 1443 1473 non
1474 1408 1679 1474 solum
1707 1411 2014 1492 pensaret,
2050 1409 2157 1473 sed
2190 1410 2252 1473 et
2283 1410 2623 1492 superaret.

498 1516 642 1580 Huc
686 1515 886 1599 igitur
929 1516 1055 1580 viri
1101 1535 1246 1580 cum
1291 1516 1591 1581 uxoribus
1637 1514 2000 1598 liberisque,
2048 1515 2173 1579 huc
2205 1514 2449 1597 viduae,
2499 1515 2626 1580 huc

280 1622 588 1706 virginee,
658 1622 783 1686 huc
829 1621 1124 1687 mulieres
1194 1622 1432 1687 relictis
1481 1621 1652 1687 domi
1710 1622 1958 1686 maritis
2006 1621 2165 1703 suiS,
2237 1621 2364 1685 huc
2408 1621 2625 1685 mariti

282 1730 519 1812 absque
563 1728 938 1812 coniugibus
984 1729 1313 1810 advolant3
1384 1728 1509 1794 huc
1555 1728 1797 1793 nobiles
1845 1729 2030 1811 atque
2099 1727 2408 1811 ignobiles
2455 1746 2624 1792 oom-

279 1837 511 1917 meant,
559 1836 685 1900 huc
717 1834 954 1900 milites
986 1837 1051 1899 et
1093 1836 1323 1919 pagani
1368 1836 1613 1917 coeunt,
1663 1835 1789 1898 huc
1820 1854 1891 1898 ex
1921 1833 2266 1899 Hollandia
2295 1836 2359 1898 et
2399 1833 2621 1915 Frisia,

282 1959 356 2007 ex
400 1941 745 2007 Brabantia
790 1941 1310 2026 circumfusisque
1354 1940 1716 2023 provinciiS‚
1768 1940 2017 2023 oppidis
2089 1940 2390 2024 pagisque
2437 1960 2626 2023 quam

278 2047 576 2131 plurimis
624 2049 969 2113 confluunt.
1061 2049 1204 2113 Huc
1249 2047 1560 2113 Henricus
1605 2047 2064 2131 Krechtingus,
2137 2046 2624 2129 Schopingensis

280 2155 644 2238 gogravius,
694 2174 838 2219 cum
882 2172 1070 2220 uxore
1137 2154 1478 2238 liberisque
1525 2153 1850 2219 contendit
1870 2157 1888 2193 ¹
1938 2172 2232 2237 magnam
2278 2152 2465 2218 istius
2514 2172 2623 2236 op-

279 2260 418 2345 pidi
485 2261 964 2326 multitudinem
1009 2261 1247 2326 civium
1314 2280 1528 2326 secum
1572 2260 1905 2325 adducens.
1999 2260 2123 2340 Qui
2170 2279 2315 2324 cum
2384 2259 2626 2343 aliquot

279 2367 585 2450 plaustris
630 2368 786 2432 bene
825 2368 1070 2433 onustis
1115 2366 1184 2432 in
1228 2367 1474 2449 itinere,
1524 2387 1671 2432 cum
1715 2386 1915 2431 unum
1961 2368 2206 2432 abesset
2250 2366 2498 2431 miliare
2545 2366 2623 2431 ab

279 2473 456 2556 urbe,
502 2493 697 2557 prope
741 2474 1066 2539 tabernam
1112 2473 1500 2540 meritoriam
1545 2492 1583 2538 a
1627 2473 1883 2540 saliceto
1929 2473 2396 2539 denominatam
2442 2492 2479 2538 a
2521 2473 2624 2538 Io-

282 2600 441 2646 anne
474 2581 777 2664 Sendano,
824 2581 1311 2647 Nortwoldiensi
1355 2581 1671 2665 gogravio,
1726 2583 1826 2646 14.
1862 2580 2190 2646 Februarii
2235 2581 2621 2664 interceptus
2651 2602 2719 2643 14.
2748 2598 2895 2642 Febr..

278 2687 657 2753 temeritatis
705 2707 852 2753 suae
883 2689 1159 2754 dedisset
1202 2708 1450 2773 poenae,
1502 2688 1629 2753 nisi
1675 2687 1847 2753 fflius
1882 2706 2032 2753 suus
2076 2688 2148 2752 in
2177 2688 2316 2770 ipsa
2355 2687 2622 2769 impres-

281 2793 453 2859 sione
498 2794 884 2878 capientium
927 2815 1152 2860 manus
1197 2795 1447 2879 elapsus
1477 2796 1733 2860 centum
1777 2794 2078 2859 retinctos
2123 2794 2192 2858 in
2236 2792 2624 2877 praesidium

280 2919 354 2965 ex
397 2901 555 2965 urbe
602 2901 813 2967 subito
859 2901 1292 2968 accersivisset
1343 2903 1710 2986 patremque
1756 2899 2019 2964 carceris
2065 2899 2438 2965 custodibus
2480 2917 2623 2982 gra-

494 3113 537 3184 ¹)
573 3114 736 3169 Diese
789 3114 1157 3169 Nachrichten
1211 3115 1346 3169 iiber
1397 3113 1659 3168 Heinrich
1701 3113 2005 3182 Krechting
2058 3112 2231 3166 bietet
2283 3127 2387 3165 nur
2439 3110 2620 3165 Kerss.

277 3201 578 3273 Uebrigens
615 3220 726 3257 war
778 3203 1036 3257 Heinrich
1073 3203 1377 3274 Krechting
1430 3203 1594 3257 sehon
1632 3204 1691 3256 in
1729 3201 2111 3272 Schoppingen
2163 3201 2266 3254 mit
2317 3199 2536 3253 Johann
2571 3216 2620 3254 v.

278 3291 482 3346 Leiden
537 3292 844 3361 personlich
896 3292 1135 3347 bekannt
1170 3292 1469 3362 geworden.
1542 3291 1763 3346 Johann
1798 3294 1925 3360 sagt
1960 3307 2083 3358 aus,
2127 3329 2243 3356 „...
2283 3290 2383 3343 wie
2421 3306 2478 3343 er
2514 3288 2622 3342 dan

278 3379 378 3434 ock
414 3383 472 3434 to
500 3379 878 3451 Schoppingen
914 3382 972 3434 in
1002 3380 1097 3435 der
1130 3381 1300 3435 nacht
1335 3381 1667 3451 gedrungen,
1704 3397 1763 3433 so
1800 3378 2037 3433 Hem-ich
2061 3378 2432 3447 Krechtingen
2467 3380 2622 3447 magt

275 3452 480 3523 lxi-‘anch
516 3486 776 3539 gewesen,
830 3469 896 3525 de
933 3470 1082 3525 solde
1118 3471 1188 3524 he
1226 3470 1416 3540 dopcn,
1472 3468 1583 3523 und
1619 3468 1770 3524 solde
1807 3472 2006 3538 gesunt
2041 3468 2283 3522 werden“
2329 3468 2422 3535 (M.
2462 3466 2619 3533 G.-Q.

274 3556 355 3624 Π,
380 3558 484 3611 417
505 3557 588 3624 f.).
628 3588 694 3596 —
733 3558 994 3613 Heinrich
1016 3559 1320 3629 Krechting
1355 3558 1535 3613 wurde
1573 3562 1757 3629 spater
1790 3557 2027 3612 Kanzler
2061 3558 2156 3613 des
2192 3557 2417 3627 Konigs.
2491 3555 2620 3610 Scin

275 3646 487 3701 Bruder
508 3646 791 3701 Bernhard
827 3648 981 3717 giebt
1009 3648 1085 3701 im
1109 3647 1348 3704 Ver-hore
1375 3663 1498 3701 vom
1521 3646 1607 3700 25.
1631 3645 1750 3700 Juli
1779 3646 1916 3699 1535
1940 3662 2010 3700 an
2049 3646 2145 3714 (M.
2172 3645 2329 3711 G.-Q.
2366 3643 2444 3712 H,
2470 3643 2618 3712 381),

278 3751 337 3789 er
373 3736 479 3804 sei,
535 3736 711 3790 seiner
745 3736 1008 3806 Meinung
1052 3735 1219 3804 nach,
1277 3736 1636 3790 entkommen.
1711 3734 1781 3789 So
1819 3738 1945 3804 sagt
1981 3735 2120 3788 auch
2172 3733 2242 3788 H.
2281 3731 2618 3788 Gresbeck

277 3824 331 3878 S.
368 3825 462 3877 36:
524 3824 810 3891 „Derselve
848 3824 1087 3879 cantzler
1139 3824 1317 3879 hadde
1356 3825 1453 3879 dat
1505 3823 1659 3878 leven
1706 3823 2024 3878 beholden.“
2099 3822 2203 3877 Am
2242 3823 2287 3875 7.
2325 3822 2439 3875 Mai
2479 3820 2617 3874 1536

275 3910 489 3966 werden
523 3929 645 3967 vom
670 3912 898 3968 Bischof
928 3913 1100 3967 Franz
1139 3914 1243 3968 den
1272 3912 1732 3984 nachgelassenen
1755 3911 1998 3966 Kindern
2022 3911 2325 3966 Heinrich’s
2363 3909 2450 3964 die
2484 3908 2617 3963 kon-

274 4000 549 4056 fiszierten
599 4001 771 4056 Giiter
805 4017 859 4057 u.
884 4019 927 4058 s.
954 4020 1017 4058 w.
1055 4002 1199 4058 ihtes
1236 4002 1431 4058 Vaters
1486 4017 1583 4056 aus
1621 4001 1847 4056 Gnaden
1900 4000 2098 4056 wieder
2135 4000 2459 4066 iiberlassen,
2515 3997 2618 4051 mit

272 4089 584 4144 Ausnahme
620 4090 714 4145 des
751 4089 1122 4147 Wohnhauses
1157 4092 1217 4146 in
1254 4090 1635 4162 Schoppingen
1671 4089 1782 4144 und
1817 4089 2024 4156 dessen,
2060 4106 2170 4144 was
2205 4106 2326 4142 vom
2362 4086 2616 4142 Bischofe

274 4195 374 4234 aus
411 4179 534 4233 dem
569 4180 622 4234 N
625 4179 871 4235 achlasse
907 4181 1108 4235 bereits
1146 4197 1215 4235 an
1251 4179 1464 4235 Andere
1499 4179 1767 4249 vergeben
1801 4179 2017 4233 worden
2052 4196 2164 4234 war
2214 4176 2492 4247 (Urkunde
2526 4176 2616 4231 bei

273 4268 329 4324 J.
364 4268 660 4323 Niesert:
699 4268 847 4325 U.-S.
884 4268 931 4325 Ι.
970 4268 1024 4324 S.
1061 4269 1164 4323 231
1186 4268 1287 4336 ff.).
1324 4298 1391 4309 —
1428 4269 1608 4323 Ueber
1644 4268 1741 4322 das
1777 4268 1994 4322 weitere
2032 4267 2308 4323 Schicksal
2355 4264 2624 4321 Heinrich

272 4356 620 4429 Krechting's
657 4375 698 4413 a.
737 4357 792 4413 S.
829 4357 1010 4413 512ff.
1045 4357 1202 4414 Anm.
