3259 5075
635 242 771 307 462
1498 241 1683 309 Anno
1735 241 1906 309 1533
1952 244 2113 309 acta.

393 440 466 483 ιο.
491 435 610 486 nez.
634 417 968 502 publicum
1013 416 1163 483 duci
1205 418 1404 485 iubet.
1466 420 1728 485 Postera
1772 438 1918 485 vero
1951 418 2070 503 die,
2123 421 2225 490 16.
2260 419 2644 503 Decembris,
2695 419 2849 486 hora
2878 439 2994 504 po-

634 525 984 594 meridiana
1029 526 1303 591 secunda
1345 528 1483 594 tota
1525 527 1966 593 malleatorum
2022 526 2371 593 multitudo
2419 528 2710 592 senatum
2755 527 2994 611 captivi

634 631 888 699 nomine
933 633 1222 698 coactum
1266 632 1552 698 adoritur
1609 632 1833 716 suique
1879 632 2140 698 tribulis
2185 631 2627 698 liberationem
2671 632 2833 698 serio
2878 652 2993 717 po-

637 740 852 804 stulat.
923 738 1149 805 Variae
1194 738 1289 803 ibi
1335 739 1636 822 utrinque
1681 737 1935 803 habitae
1983 740 2134 803 sunt
2177 737 2626 804 contentiones.
2722 738 2991 804 Senatus

633 844 851 929 ipsum
896 844 1160 928 capitali
1227 863 1429 927 poena
1470 847 1777 928 tanquam
1843 843 2207 927 factiosum,
2258 844 2632 911 seditiosum
2678 845 2744 911 et
2786 844 2993 929 magi-

636 952 875 1017 stratus
921 950 1024 1016 sui
1054 950 1532 1017 convitiatorem
1562 950 1790 1016 merito
1836 949 2230 1034 puniendum
2260 970 2394 1016 esse
2423 951 2779 1034 contendit3
2827 952 2991 1017 mal-

631 1057 898 1122 leatores
944 1076 978 1121 8
1024 1055 1271 1121 diverso
1317 1056 1396 1121 ab
1444 1055 1619 1121 omni
1678 1055 1892 1139 ipsum
1936 1055 2236 1138 factione,
2300 1056 2609 1122 seditione
2656 1076 2728 1122 ac
2774 1057 2991 1123 convi-

634 1162 840 1228 tiandi
884 1161 1148 1227 crimine
1216 1161 1495 1227 alienum
1553 1180 1690 1226 esse
1736 1162 2021 1243 censent,
2085 1160 2198 1244 qui
2243 1161 2477 1243 spiritu
2521 1162 2640 1228 Dei
2710 1163 2991 1247 agitatus

632 1271 800 1336 bona
829 1269 1115 1334 docuerit
1144 1271 1209 1334 et
1236 1267 1406 1334 mala
1448 1267 1941 1351 reprehenderit.
2007 1266 2108 1332 Ad
2140 1286 2297 1351 quae
2330 1269 2619 1333 senatus:
2666 1268 2992 1334 Distincta

634 1377 700 1442 et
728 1395 852 1441 non
896 1375 1258 1459 promiscua
1301 1374 1371 1439 in
1402 1372 1728 1457 republica
1773 1393 1906 1439 esse
1938 1373 2175 1454 officia3
2220 1392 2442 1457 pacem
2487 1373 2814 1457 publicam
2844 1374 2990 1438 diu-

632 1484 891 1548 turnam
922 1501 1055 1547 esse
1099 1500 1226 1546 non
1269 1499 1473 1564 posse,
1522 1480 1579 1546 si
1609 1480 1837 1562 officia,
1884 1499 2042 1564 quae
2072 1479 2345 1546 discreta
2375 1497 2510 1545 esse
2541 1480 2790 1562 debent,
2840 1499 2989 1546 con-

632 1587 985 1655 fundantur
1031 1591 1096 1654 et
1137 1588 1541 1671 misceantur,
1591 1589 1649 1654 si
1679 1589 1841 1655 alter
1883 1588 1953 1654 in
1999 1587 2261 1654 alterius
2304 1588 2699 1672 provinciam
2730 1591 2794 1655 et
2822 1608 2990 1655 mes-

634 1715 767 1761 sem
811 1697 1046 1761 temere
1089 1695 1311 1761 irruat.
1404 1695 1740 1760 Neminem
1788 1714 1934 1760 vero
1981 1713 2129 1760 suae
2174 1694 2521 1761 vocationis
2566 1694 2805 1762 limites
2855 1695 2991 1761 81118

632 1803 813 1867 motu
858 1803 921 1868 et
964 1800 1449 1885 tranquillitatis
1496 1799 1674 1865 clade
1719 1818 2000 1884 unquam
2046 1798 2397 1865 excessisse.
2457 1799 2819 1880 Quemlibet
2863 1801 2992 1866 ita-

634 1925 754 1993 que
813 1907 985 1973 intra
1026 1911 1227 1972 metas
1297 1906 1400 1972 sui
1458 1907 1741 1972 muneris
1815 1925 1948 1971 esse
1996 1906 2425 1971 coercendum.
2519 1904 2861 1989 Captivum
2910 1907 2985 1972 ad

632 2014 993 2079 cudendum
1059 2013 1326 2097 ferrum,
1396 2033 1525 2078 non
1570 2012 2069 2079 concionandum
2114 2014 2441 2093 vocatum3
2513 2011 2727 2095 ipsum
2771 2014 2987 2079 tamen

631 2122 834 2187 totam
864 2120 1087 2185 urbem
1131 2120 1382 2185 insueta
1427 2139 1542 2184 sua
1570 2120 1867 2185 concione
1899 2118 2263 2201 concitasse,
2310 2117 2619 2202 populum
2655 2118 2988 2184 adversum

631 2225 1080 2310 magistratum
1125 2244 1315 2290 suum
1360 2226 1791 2307 commovisse,
1838 2224 2205 2291 Fabricium
2236 2244 2274 2289 a
2302 2224 2685 2308 Lantgravio
2730 2224 2798 2288 in
2843 2243 2990 2308 gra-

633 2332 791 2397 tiam
837 2332 1015 2397 urbis
1060 2331 1327 2397 missum
1373 2332 1631 2416 publica
1674 2331 2087 2416 magistratus
2133 2332 2509 2397 auctoritate
2553 2332 2880 2397 munitum
2924 2333 2990 2397 et

633 2438 896 2503 verbum
942 2438 1062 2502 Dei
1105 2439 1434 2523 peregrina
1480 2439 1612 2504 fece
1657 2458 1784 2504 non
1830 2438 2331 2504 contaminatum
2394 2438 2611 2504 sedulo
2658 2438 2988 2505 docentem

633 2544 1109 2629 contempsisse,
1179 2565 1307 2611 non
1352 2546 1680 2612 intellecta
1723 2546 2053 2613 damnasse
2097 2548 2162 2612 et
2206 2545 2515 2629 reiecisse,
2581 2564 2698 2611 sua
2743 2546 2990 2612 somnia

634 2650 1060 2735 substituisse,
1107 2653 1342 2737 populo
1388 2653 1647 2719 insolita
1693 2653 2097 2738 suggessisse,
2155 2652 2498 2719 schismata
2541 2651 2981 2719 introduxisse.

343 2774 380 2806 ⁴
389 2793 448 2847 p.
482 2773 606 2833 409.
632 2756 903 2823 Proinde
948 2756 1270 2841 *exempla
1311 2759 1576 2843 punitae
1621 2759 1951 2825 seditionis
1984 2759 2048 2825 et
2090 2758 2453 2824 rebellionis
2498 2757 2823 2824 interdum
2853 2778 2989 2824 esse

633 2864 985 2947 statuenda,
1034 2867 1110 2930 ut
1152 2865 1387 2951 reliqui
1433 2866 1501 2931 in
1545 2886 1700 2951 pace
1743 2867 1980 2933 vivant.

843 2969 945 3035 Ad
1005 2970 1160 3036 haec
1225 2971 1658 3038 malleatores:
1728 2971 2068 3056 Captivum
2126 2972 2356 3037 natura
2420 2970 2814 3036 malitiosum
2859 2990 2987 3036 non

632 3094 784 3159 esse,
834 3095 980 3142 cum
1010 3075 1270 3142 virtutis
1316 3080 1381 3143 et
1425 3078 1685 3161 pietatis
1731 3097 1938 3144 amore
1981 3077 2261 3162 percitus
2305 3076 2466 3143 vitia
2508 3076 2842 3144 manifeste
2886 3096 2988 3142 re-

632 3183 1037 3267 prehenderit
1067 3186 1132 3248 et
1160 3183 1445 3251 veritatis
1494 3183 1934 3269 propagandae
1979 3184 2190 3249 studio
2235 3184 2343 3267 pia
2372 3184 2437 3249 et
2467 3182 2788 3266 evangelio
2835 3202 2986 3248 con-

630 3288 860 3355 formia
903 3288 985 3354 ad
1029 3289 1232 3354 ravim
1275 3307 1477 3375 usque
1523 3290 1811 3355 docuerit
1853 3309 2053 3374 neque
2083 3309 2259 3356 arma
2303 3288 2602 3355 adversus
2647 3289 2986 3372 magistra-

631 3397 772 3461 tum
816 3396 1050 3479 populo
1097 3395 1612 3479 suppeditaverit,
1663 3395 1774 3462 sed
1819 3415 2035 3480 pacem
2080 3396 2421 3480 quaesierit
2463 3416 2667 3481 neque
2705 3396 2987 3462 Fabricii

625 3502 1012 3584 doctrinam,
1084 3501 1194 3567 sed
1252 3520 1456 3567 mores
1517 3499 1825 3585 quosdam
1892 3501 2251 3566 indecentes
2320 3501 2718 3586 sugillaverit
2783 3521 2987 3587 neque

630 3626 988 3692 quenquam
1057 3608 1307 3690 praeter
1368 3606 1673 3672 meritum
1717 3606 2047 3672 offenderit
2112 3626 2311 3691 neque
2356 3607 2528 3673 furto
2587 3626 2791 3692 neque
2835 3626 2985 3690 pro-

626 3713 872 3780 ditione
940 3732 1142 3797 neque
1186 3712 1414 3796 rapina
1479 3732 1681 3798 neque
1748 3712 2077 3779 latrocinio
2145 3731 2347 3798 neque
2391 3713 2524 3778 ullo
2571 3713 2696 3779 alio
2743 3712 2988 3779 enormi

629 3819 874 3904 flagitio
921 3839 988 3885 se
1032 3818 1556 3886 contaminaverit
1616 3821 1730 3885 aut
1774 3819 2116 3904 quicquam
2158 3821 2363 3886 morte
2408 3819 2674 3902 dignum
2721 3819 2986 3884 commi-

625 3925 811 4008 serit,
883 3925 1011 3991 nisi
1068 3926 1229 3991 bene
1275 3943 1460 4010 agere
1505 3926 1572 3991 et
1631 3925 2020 3990 salutaribus
2085 3924 2345 3992 monitis
2404 3925 2644 3990 civium
2713 3925 2987 3991 salutem

625 4050 923 4116 quaerere
967 4031 1198 4116 flagitii
1242 4050 1473 4097 nomen
1515 4032 1848 4098 mereatur.
1911 4030 2113 4116 Atqui
2155 4050 2283 4098 non
2326 4031 2421 4095 ita
2466 4049 2682 4096 rerum
2724 4029 2988 4096 nomina

625 4155 777 4203 cum
820 4137 1103 4204 moribus
1148 4137 1341 4204 huius
1387 4138 1691 4221 temporis
1735 4138 1983 4204 mutata
2020 4156 2172 4221 esse,
2221 4155 2424 4222 neque
2467 4137 2603 4202 tam
2647 4137 2988 4221 angustam

626 4241 1120 4309 christianorum
1161 4243 1523 4310 libertatem
1567 4262 1848 4328 unquam
1893 4242 2107 4326 fuisse,
2157 4242 2312 4327 quin
2357 4242 2551 4308 etiam
2598 4241 2733 4307 sine
2777 4241 2986 4326 magi-
