3259 5075
1172 287 1356 355 Anno
1409 289 1579 355 1533
1625 290 1786 376 apta.
2514 289 2651 356 403

277 465 588 549 ingerere,
640 466 777 530 suis
823 464 1227 531 cantionibus
1269 463 1448 529 novis
1479 466 1545 529 et
1588 463 1913 530 inusitatis
1960 463 2252 549 antiquas
2283 464 2349 530 et
2379 464 2660 530 usitatas

277 570 674 637 ceremonias
718 571 1040 654 abrogare,
1111 589 1303 636 novas
1348 569 1763 651 substituere,
1835 569 2190 653 simplicem
2253 569 2652 653 plebeculam

277 678 603 760 seducere,
654 677 1063 744 rebellionem
1099 681 1236 745 tam
1286 677 1585 744 adversus
1632 677 2131 743 ecclesiasticum
2176 696 2368 762 quam
2397 677 2655 744 civilem

274 784 741 868 magistratum
784 802 1050 850 movere.
1116 784 1194 850 Se
1237 784 1440 869 igitur
1483 786 1742 849 senatus
1787 784 1856 848 in
1901 783 2174 868 singulis
2219 782 2470 868 oppidis
2513 803 2654 850 mo-

276 910 452 973 nere,
502 892 581 956 ut
627 889 850 956 sedulo
879 889 1170 975 vigilent,
1216 910 1296 957 ne
1331 891 1490 957 talia
1531 891 1704 957 intra
1732 890 1981 956 moenia
2023 910 2140 957 sua
2168 890 2655 958 committantur

276 999 349 1062 ct
390 999 897 1080 transgressores
927 996 1118 1062 certis
1162 1015 1509 1080 poenarum
1551 996 1892 1080 repagulis,
1942 997 2017 1061 ut
2061 996 2369 1062 tardiores
2401 996 2482 1062 ad
2526 996 2656 1063 ista

276 1101 683 1186 designanda
728 1101 879 1183 sint,
928 1103 1270 1168 coerceant.
1348 1101 1428 1167 Se
1457 1104 1604 1186 post
1649 1101 2216 1186 inaugurationem,
2266 1101 2323 1167 si
2353 1101 2509 1186 quid
2539 1103 2656 1167 ab·

278 1227 529 1274 muum
596 1206 1025 1273 diuturnitate
1091 1207 1393 1292 temporis
1460 1207 1815 1291 irrepserit,
1884 1207 2383 1274 emendaturum.
2475 1207 2657 1274 Idem

278 1314 521 1382 scribit
563 1314 649 1379 ad
692 1332 907 1379 omnes
953 1315 1237 1398 satrapas
1281 1314 1347 1380 31
1390 1313 1737 1398 praefectos
1782 1313 1982 1380 totius
2028 1314 2328 1381 dioecesis
2348 1316 2392 1381 ¹.

507 1436 751 1516 Quinto
794 1436 899 1501 die
941 1437 1185 1520 Aprilis
1231 1438 1487 1504 senatus
1546 1456 1662 1520 per
1705 1436 2056 1503 Gerardum
2099 1436 2548 1504 Kibbenbrock
2590 1437 2659 1503 et
2681 1454 2728 1500 ⁶.
2751 1449 2920 1507 aps-u.

278 1545 599 1610 Ioannem
641 1542 1118 1625 Windemoller,
1168 1545 1502 1626 senatores,
1573 1541 1772 1627 priori
1817 1544 1887 1608 in
1930 1542 2377 1627 Bispinckhoff
2388 1543 2415 1583 ¹
2456 1542 2656 1607 13131·-

280 1650 469 1732 111311,
520 1669 604 1715 113
650 1666 1008 1734 quenquam
1052 1649 1506 1716 confessionem
1549 1648 1970 1716 auricularem
2020 1648 2356 1714 facientem
2414 1648 2654 1714 audiat.

281 1756 532 1822 Eodem
564 1754 671 1820 die
700 1754 952 1822 factiosi
981 1755 1050 1820 in
1080 1756 1392 1840 templum
1420 1755 1977 1821 Transfluvianum
2012 1754 2326 1838 impetum
2356 1754 2660 1820 facientes

278 1861 550 1928 tabulas
597 1861 900 1928 altarium
943 1862 1224 1946 depictas
1270 1861 1613 1946 diripiunt,
1685 1863 1928 1927 statuas
1974 1860 2387 1945 confringunt
2429 1859 2660 1946 imagi-

281 1986 532 2052 naeque
561 1966 859 2033 divorum
886 1967 1105 2033 irrasis
1150 1967 1500 2051 parietibus
1539 1967 1882 2033 deturbant
1912 1969 1978 2032 et
2006 1966 2422 2032 confundunt.
2473 1964 2661 2056 *Ipsa
2681 1980 2781 2055 *μ
2814 1981 2952 2037 365.

284 2074 397 2139 die
440 2073 837 2156 Palmarum‚
900 2092 1060 2157 quae
1105 2073 1233 2139 fuit
1278 2076 1338 2140 6.
1384 2072 1650 2157 Aprilis,
1712 2072 1782 2137 in
1826 2072 2035 2138 tribus
2079 2072 2395 2157 parochiis
2441 2071 2655 2154 simul,
2684 2090 2732 2135 3.
2754 2084 2924 2141 Apu-ss·

282 2179 549 2246 scilicet
591 2179 961 2263 Aegidiana,
1009 2180 1397 2245 Martiniana
1425 2180 1492 2246 et
1529 2179 2031 2259 Transssuviana,
2081 2197 2339 2245 coenam
2383 2177 2659 2244 domini-

284 2304 439 2352 cam
510 2285 857 2351 solenniter
924 2304 1038 2351 suo
1095 2305 1270 2351 more
1328 2285 1574 2351 faciunt
1618 2288 1685 2351 et
1743 2284 2056 2369 singulari
2100 2284 2373 2370 quadam
2437 2286 2661 2350 contu-

283 2392 569 2458 maciter
613 2391 1028 2458 dissentiendi
1073 2412 1111 2458 a
1147 2392 1606 2458 catholicorum
1652 2391 2056 2457 institutione
2100 2390 2371 2457 libidine
2415 2389 2666 2457 accensi

283 2497 674 2566 Paschalem
721 2498 888 2566 diem
934 2499 1247 2565 celebrare
1292 2498 1605 2565 videntur.
1678 2498 1881 2579 Quam
1933 2516 2066 2563 rem
2108 2497 2546 2564 Rothmannus
2590 2496 2665 2563 in

286 2605 596 2690 paroecia
622 2606 1099 2675 Transfluviana
1142 2624 1435 2691 praesens
1464 2607 1741 2690 regebat,
1788 2605 1892 2670 vel
1922 2603 2090 2690 quod
2120 2623 2194 2669 33
2222 2605 2389 2671 33331
2422 2604 2665 2670 civium

287 2729 571 2776 numero
616 2710 1026 2794 amplissima,
1072 2712 1175 2776 vel
1221 2714 1298 2776 ut
1343 2710 1710 2777 consulibus
1756 2711 2045 2793 utrisque
2081 2709 2150 2775 in
2196 2709 2322 2776 ista
2363 2709 2667 2795 parochia

288 2816 859 2899 commorantibus,
907 2834 1061 2902 quos
1095 2816 1454 2902 evangelico
1503 2818 1738 2901 spiritu
1785 2818 2070 2882 aestuare
2110 2819 2501 2900 cognoverat,
2550 2834 2668 2899 ap·

289 2921 641 3007 plauderet
684 2923 785 2988 vel
830 2923 1297 2989 concionatores
1356 2942 1660 2990 novorum
1705 2923 1951 2989 rituum
2011 2922 2219 2988 adhuc
2263 2923 2518 3006 ignaros
2563 2921 2668 2987 iu-

290 3030 485 3094 varet
515 3030 582 3093 et
613 3028 876 3095 doceret.
944 3029 1046 3094 Ad
1091 3030 1255 3095 hanc
1285 3048 1542 3095 coenam
1585 3031 1754 3096 bona
1797 3048 1944 3113 pars
1974 3028 2299 3112 virginum
2326 3028 2670 3094 vestalium

290 3133 553 3201 accedit
569 3134 613 3216 ⁸,
662 3153 819 3218 quae
866 3137 1228 3201 secuturam
1284 3135 1639 3220 nuptialem
1684 3136 2038 3219 sperabant.
2133 3134 2269 3199 Iam
2316 3134 2393 3199 de
2439 3133 2670 3199 habitu

294 3238 616 3306 mutando
647 3241 1038 3307 meditantur
1079 3241 1567 3327 liberioremque
1599 3243 1798 3308 vitam
1829 3242 1899 3307 in
1929 3241 2140 3306 animo
2172 3240 2436 3324 agitant.
2487 3240 2669 3306 Psal-

296 3366 441 3412 mos
490 3364 530 3410 a
575 3346 810 3411 Lutero
876 3346 1357 3414 transformatos
1425 3349 1790 3414 alternatim
1837 3367 1984 3413 cum
2038 3346 2270 3430 populo
2315 3345 2384 3411 in
2429 3346 2672 3430 templo

296 3451 651 3519 cantillant
681 3454 745 3517 et
770 3454 1039 3519 maxime
1086 3473 1339 3518 versum
1384 3454 1614 3538 psalmi
1651 3456 1780 3520 124
1829 3453 2157 3537 „Laqueus
2203 3453 2516 3518 contritus
2549 3453 2668 3533 est,

299 3561 368 3624 et
412 3577 533 3623 nos
581 3557 883 3623 liberatae
929 3562 1189 3624 sumus“
1214 3562 1243 3598 ⁴
1285 3579 1400 3643 per
1444 3577 1624 3625 nares
1671 3559 2004 3643 crepitant.

528 3819 577 3890 ¹)
615 3820 896 3877 Ebcnfalls
932 3839 1036 3877 von
1072 3822 1247 3894 Iburg
1282 3838 1372 3877 am
1407 3823 1494 3879 30.
1530 3823 1698 3878 Mara.
1753 3822 2004 3893 Koncht
2040 3822 2117 3876 im
2153 3820 2327 3877 St.·A.
2362 3820 2437 3876 M.
2491 3817 2677 3890 Abge-

304 3908 509 3965 druckt
544 3909 634 3963 bei
671 3909 734 3965 L.
769 3909 1016 3966 Keller
1050 3928 1101 3966 a.
1127 3928 1177 3966 a.
1203 3911 1267 3967 Ο.

528 3995 576 4066 ²)
613 3997 687 4052 Es
723 4015 835 4052 war
888 3999 987 4054 der
1019 3999 1411 4054 Dominikancr
1444 3998 1706 4054 Heinrich
1739 3999 2031 4070 Mumpert,
2086 3998 2185 4053 der
2221 3996 2472 4069 zugleich
2505 3996 2680 4051 Dom-

304 4085 568 4157 prcdiger
600 4103 729 4142 war.
800 4086 929 4158 Vgl.
966 4089 1154 4142 wciter
1189 4091 1359 4144 unten
1397 4104 1520 4142 zum
1557 4087 1795 4143 October
1833 4087 1989 4143 1533.

530 4171 578 4239 ⁸)
615 4174 926 4230 Ernstlichc
980 4175 1315 4247 Massregeln
1371 4176 1467 4231 des
1501 4176 1752 4231 Bischofs
1805 4192 1981 4253 gegen
2017 4174 2524 4245 Ausschreitungen
2576 4172 2711 4229 der.

304 4262 661 4333 Jungfrauen
694 4265 772 4317 im
807 4263 1211 4320 Ucbcrwasser-
1211 4265 1435 4320 Kloster
1486 4264 1758 4320 berichtet
1811 4264 1993 4320 Κ3133.
2030 4281 2129 4319 3113
2182 4263 2292 4319 1133
2327 4263 2508 4317 Akten
2562 4262 2679 4317 eret

308 4367 439 4406 zum
475 4351 714 4407 October
751 4352 911 4408 1533.
951 4381 1019 4391 -·
1069 4351 1245 4419 ‘).Ps
1285 4353 1406 4423 123,
1445 4353 1494 4408 7.

2458 4437 2540 4505 2.
