3259 5075
1215 215 1395 332 Anno
1453 268 1619 333 1534
1664 268 1823 332 acta.
2560 267 2687 332 601

336 447 574 511 sectam
614 446 680 509 et
723 442 1077 509 doctrinam
1103 442 1448 507 armaverit
1481 460 1552 507 ac
1583 442 1910 508 civitatem
1955 441 2306 507 necessaria
2336 439 2689 507 obsi*dione
2726 459 2825 531 *μ
2861 460 2991 517 502,

335 552 578 616 armata
623 569 816 615 manu
862 550 1128 615 cinxerit
1196 568 1450 633 sperans
1510 548 1712 632 ipsoS‚
1760 549 1873 614 ubi
1919 548 2313 633 propositum
2378 546 2686 632 principis

335 657 570 721 serium
637 655 1250 737 animadvertissent,
1299 676 1336 720 a
1381 657 1618 738 coeptis
1667 656 1801 721 suis
1867 656 2085 739 impiis
2132 674 2202 719 ac
2248 654 2543 719 violentis
2589 675 2689 720 re-

336 763 638 845 sulturos,
674 762 1040 827 caecitatem
1071 769 1135 826 et
1168 761 1539 827 seditionem
1571 760 1983 844 deposituros,
2019 759 2361 843 perniciem
2396 764 2460 825 et
2489 760 2689 825 inter-

334 869 658 934 necionem
706 889 742 934 a
788 887 872 950 se,
921 886 959 932 a
1004 867 1379 951 coniugibus
1425 869 1490 932 et
1533 866 1753 932 liberis
1801 867 1951 948 suis,
2002 867 2080 931 ab
2127 866 2253 931 aris
2298 866 2579 950 focisque
2626 867 2691 931 et

331 992 371 1038 a
415 976 550 1039 tota
594 974 863 1058 denique
909 975 1065 1038 urbe
1130 975 1466 1038 amoturOS.
1561 973 1676 1039 Sed
1729 992 1875 1038 cum
1919 972 2047 1056 ipsi
2093 974 2394 1056 tanquam
2441 972 2687 1038 seducti

333 1083 398 1145 et
444 1081 755 1146 excaecati
802 1080 1088 1146 seditiosi
1134 1099 1205 1145 ac
1252 1080 1513 1144 violenti
1559 1080 1877 1144 invasores
1923 1081 1987 1144 et
2030 1081 2413 1163 grassatores
2461 1079 2579 1143 Dei
2625 1080 2690 1144 et

334 1186 539 1251 omnis
600 1186 949 1251 honestatis
1013 1186 1516 1270 christianaeque
1580 1186 1839 1269 pietatis
1902 1204 2158 1268 prorsus
2207 1185 2392 1251 obliti
2439 1186 2507 1248 in
2556 1186 2686 1250 suis

331 1293 571 1375 coeptis
618 1293 1029 1376 pertinaciter
1074 1294 1543 1376 perseverarent
1586 1312 1786 1375 neque
1817 1293 1885 1357 in
1915 1292 2178 1358 minimo
2224 1292 2683 1375 resipiscerent,

331 1399 686 1482 principem
757 1418 944 1463 suum
1006 1399 1243 1464 ducum
1307 1399 1576 1464 militiae
1638 1401 1701 1464 et
1761 1398 2262 1464 consiliariorum
2331 1399 2688 1464 vicinorum

331 1505 698 1590 principum
741 1506 810 1571 in
856 1506 1079 1571 castris
1126 1507 1552 1589 praesentium
1598 1507 1943 1588 voluntate,
2010 1504 2273 1571 consilio
2319 1508 2384 1571 et
2426 1506 2686 1571 hortatu

334 1613 555 1676 urbem
602 1612 932 1677 tormentis
979 1612 1061 1677 ad
1104 1612 1386 1677 futuram
1432 1613 1966 1696 oppugnationem
2012 1612 2397 1677 concussisse
2444 1612 2685 1676 omnia-

332 1738 453 1801 que
500 1719 594 1782 ita
636 1718 717 1783 ad
762 1738 900 1783 eam
962 1738 1095 1783 rem
1139 1719 1489 1783 necessaria
1557 1738 1977 1801 comparasse,
2041 1720 2117 1782 ut
2161 1717 2686 1801 expugnationem

332 1825 467 1889 eius
528 1824 842 1907 praesidio
888 1824 1010 1889 Dei
1076 1825 1359 1889 futuram
1427 1844 1550 1889 non
1598 1823 1942 1906 diffideret,
2012 1822 2138 1888 nisi
2200 1824 2576 1906 strategema
2621 1826 2686 1889 et

331 1930 727 2014 propositum
774 1931 849 1995 de
891 1930 1245 1995 invadenda
1290 1931 1446 1995 urbe
1492 1930 1830 1994 consilium
1876 1931 2207 1995 turbatum
2252 1929 2493 2011 fuisset,
2543 1932 2618 1994 ut
2648 1949 2686 1995 a

331 2036 679 2120 transfugis
724 2038 942 2120 postea
987 2036 1310 2120 cognitum
1355 2036 1567 2101 fuerit.
1631 2037 1755 2101 Per
1785 2036 2068 2100 militum
2097 2055 2243 2119 ergo
2290 2035 2683 2120 quorundam

330 2141 842 2223 inobedientiam,
891 2142 1332 2208 temulentiam
1364 2144 1427 2207 et
1457 2142 1919 2207 contumaciam
1950 2144 2202 2225 tempus
2249 2142 2682 2224 impressionis

330 2249 784 2330 praestitutum
828 2248 1288 2332 negligentium
1333 2249 1857 2332 expugnationem
1906 2247 2282 2332 impeditam
2326 2268 2476 2330 esse,
2527 2268 2681 2333 quo-

329 2373 474 2419 rum
523 2355 840 2436 protervia
884 2355 1173 2438 princeps
1223 2357 1473 2438 praeter
1516 2354 1769 2437 culpam
1816 2357 1881 2419 et
1927 2354 2285 2438 opinionem
2332 2374 2511 2419 suam
2556 2375 2680 2421 non

328 2460 553 2544 exigua
598 2460 881 2526 militum
912 2459 1089 2525 clade
1121 2461 1399 2543 affectus,
1447 2460 1715 2525 victoria
1745 2459 2055 2544 spoliatus
2087 2464 2151 2526 et
2180 2462 2248 2525 in
2278 2461 2449 2526 hunc
2480 2481 2680 2546 usque

329 2567 499 2632 diem
530 2568 786 2633 delusus
821 2568 924 2633 sit.
993 2568 1129 2632 Hac
1162 2570 1368 2651 strage
1413 2568 1650 2633 milites
1683 2568 1776 2633 ita
1807 2569 2138 2633 deterritos
2170 2587 2303 2633 esse
2326 2573 2362 2650 ¹,
2414 2573 2503 2651 ut,
2553 2570 2679 2634 nisi

326 2673 592 2738 interior
640 2675 819 2739 urbis
881 2675 1046 2740 fossa
1091 2675 1439 2758 oppleatur‚
1502 2675 1582 2739 ad
1629 2677 2162 2759 oppugnationem
2229 2695 2355 2740 non
2400 2680 2681 2759 possint·

326 2779 532 2844 denuo
578 2779 814 2845 induci.
880 2780 1040 2845 Cum
1086 2781 1298 2865 itaque
1345 2782 1569 2846 civitas
1615 2781 2126 2847 Monasteriensis
2175 2784 2239 2846 et
2283 2783 2511 2847 natura
2553 2783 2678 2847 loci

325 2887 392 2949 et
436 2885 768 2951 hominum
811 2886 1130 2951 industria
1172 2887 1264 2951 ita
1306 2886 1510 2969 fossis,
1559 2887 1779 2969 muris,
1829 2888 2163 2971 aggeribus
2211 2887 2275 2951 et
2316 2906 2677 2971 propugna-

327 2991 490 3056 culis
537 2992 802 3058 diversis
850 2994 938 3058 sit
982 2993 1247 3075 munita,
1295 2993 1389 3057 ita
1433 2993 1608 3057 intus
1654 2993 2033 3073 bombardis,
2083 2992 2433 3073 tormentis,
2483 2993 2676 3058 armis

325 3097 593 3181 aliisque
651 3098 963 3164 machinis
1023 3098 1101 3163 ad
1163 3097 1586 3164 defensionem
1652 3098 2121 3183 pertinentibus
2182 3097 2520 3178 instructa,
2585 3100 2678 3164 ita

322 3204 522 3285 muri,
573 3207 803 3287 turreS,
875 3208 1089 3289 portae
1135 3208 1200 3271 et
1244 3206 1719 3289 propugnacula
1780 3204 2111 3270 tormentis
2161 3204 2403 3271 deiecta
2448 3207 2675 3287 erecta,

323 3311 626 3375 restituta
654 3314 718 3376 et
764 3315 1051 3395 reparata
1081 3311 1231 3392 sint,
1279 3313 1356 3375 ut
1401 3311 1639 3376 milites
1684 3312 1762 3375 ab
1795 3330 2011 3376 eorum
2057 3310 2521 3394 oppugnatione
2568 3310 2675 3375 de-

320 3419 699 3499 terreantur,
770 3418 1121 3501 principem
1190 3437 1377 3483 suum
1440 3437 1585 3482 cum
1630 3417 2011 3482 dioecesanis
2080 3417 2349 3500 aliisque
2420 3416 2676 3481 aliunde

322 3523 714 3588 transmissis
761 3523 1139 3589 consiliariis
1187 3543 1258 3589 ac
1303 3524 1573 3588 militiae
1638 3523 2035 3607 praesidibus
2081 3525 2438 3589 accuratius
2486 3544 2676 3608 super

320 3629 441 3693 hac
472 3648 539 3693 re
571 3630 980 3696 consultando
1028 3630 1511 3713 deprehendisse
1559 3651 1623 3695 se
1668 3631 1798 3695 suis
1837 3630 2085 3695 viribus
2132 3649 2203 3695 ac
2237 3630 2464 3713 opibus
2510 3628 2674 3694 hanc

537 3841 587 3910 ι)
625 3843 736 3895 Mo.
748 3861 765 3894 :
799 3846 1043 3912 possunt.

541 4072 580 4140 ¹)
619 4072 686 4126 In
724 4074 820 4128 der
854 4073 1194 4127 Instruktion
1233 4073 1402 4127 heifst
1440 4090 1524 4127 es:
1568 4073 1725 4140 „Und
1762 4072 1884 4127 sind
1921 4072 2087 4127 dorch
2132 4070 2353 4126 sulcken
2390 4069 2567 4124 unfall
2604 4069 2672 4125 de

317 4162 524 4216 knecht
558 4162 615 4214 in
643 4178 777 4215 enen
801 4161 1158 4216 wederwillen
1196 4162 1308 4215 und
1344 4162 1603 4217 moeterie
1640 4161 1930 4231 gcfallen.“
1986 4161 2167 4216 Ueber
2203 4160 2539 4233 Mentereien
2576 4158 2673 4214 der

319 4249 733 4304 Landsknechte
763 4249 872 4319 vgl.
909 4249 1005 4304 das
1033 4250 1323 4304 Schreiben
1362 4249 1459 4304 der
1494 4249 1795 4304 clevischen
1821 4250 1962 4304 Rata
1999 4267 2069 4304 an
2106 4249 2259 4303 ihren
2297 4248 2515 4319 Herzog
2546 4265 2675 4303 vom

319 4339 407 4393 28.
446 4338 560 4391 Mai
600 4336 695 4406 (M.
735 4337 892 4404 G.-Q.
931 4338 1008 4408 11,
1047 4339 1151 4392 245
1171 4339 1251 4405 f.).
