3259 5075
1183 281 1368 345 Anno
1420 281 1590 346 1533
1637 281 1792 345 acta.
2527 279 2659 343 427

523 458 661 522 Hoc
691 456 875 522 modo
906 457 1291 541 colloquium
1323 458 1388 521 et
1418 476 1742 522 consessus
1773 456 2104 521 doctorum
2134 455 2481 521 dissolutus
2514 455 2659 520 fuit.
3015 530 3020 534 q

516 563 711 647 *Ipsa
755 563 858 628 die
901 563 1230 629 Laurentii
1277 564 1598 646 MartyriS,
1649 582 1807 647 quae
1851 562 1980 627 fuit
2033 567 2130 627 10.
2169 561 2465 646 Augusti,
2515 581 2662 627 cum
2687 560 2783 631 *P·
2822 559 2954 616 382·

292 670 568 755 quidam
629 670 982 735 Hollandus
1052 669 1486 752 anabaptismo
1550 669 1842 733 addictus
1902 668 1971 733 in
2029 668 2268 752 templo
2313 669 2661 751 Aegidiano
2689 652 2758 694 ¹⁰·
2785 648 2918 702 Aug.

296 777 461 843 hora
506 777 703 842 tertia
768 776 1201 859 pomeridiana
1259 777 1753 857 concionaretur,
1823 776 2086 840 Ioannes
2133 775 2663 840 Windemollerus

300 885 561 948 senator
580 886 603 922 ¹
649 902 776 947 non
818 885 954 948 tam
997 882 1503 964 Lutheranismo,
1552 901 1742 966 quam
1788 881 2222 965 anabaptismo
2268 881 2552 946 infensus
2596 882 2664 946 iu

300 990 815 1054 concionatorem
882 989 1076 1054 irruit
1142 1007 1410 1071 eumque
1457 1007 1490 1053 e
1536 991 1830 1071 suggesto
1899 987 2202 1053 detraxit:
2271 987 2479 1070 „Quid
2525 990 2659 1070 tu,“
2743 981 2748 986 ⁴

302 1095 542 1179 inquit,
598 1096 912 1177 „verbero,
962 1095 1042 1159 ad
1089 1096 1396 1178 populum
1443 1094 1548 1158 hic
1593 1096 1785 1160 verba
1819 1093 1992 1176 facie,
2041 1094 2360 1179 indignus,
2411 1097 2486 1160 ut
2516 1114 2667 1179 sug-

303 1206 567 1289 gestum
638 1203 1040 1286 conscendas,
1111 1205 1223 1288 qui
1268 1206 1412 1269 ante
1458 1223 1654 1269 annos
1714 1204 1959 1286 aliquot
2019 1202 2216 1267 scalas
2284 1201 2667 1284 ignominiae

303 1310 674 1392 ascendisti,
722 1310 833 1394 qui
864 1309 944 1374 ad
991 1311 1209 1393 palum
1239 1308 1687 1374 numellarium
1732 1308 2114 1392 ignominiae
2145 1325 2334 1372 causa
2361 1305 2666 1390 religatus

305 1417 596 1482 cauterio
629 1415 923 1481 candenti
952 1416 1022 1480 in
1054 1416 1251 1482 altera
1280 1415 1449 1480 mala
1493 1433 1606 1498 per
1637 1415 1995 1480 carnificem
2034 1414 2318 1497 signatus
2351 1432 2435 1494 ce,
2486 1412 2667 1493 quasi

304 1540 461 1588 vero
510 1522 701 1587 istam
744 1525 977 1605 notam,
1027 1542 1213 1606 quam
1258 1523 1328 1586 in
1374 1522 1631 1586 maxilla
1675 1521 2059 1602 circumfers,
2116 1540 2238 1585 non
2288 1520 2665 1600 noverimuS,

308 1628 501 1714 quasi
548 1629 829 1711 probitas
876 1630 998 1695 isto
1047 1630 1226 1712 signo
1258 1628 1478 1712 egeat?
1543 1630 1723 1693 Tune
1769 1629 2031 1693 honesta
2061 1629 2126 1692 et
2170 1627 2276 1710 pia
2308 1626 2509 1708 doceS,
2557 1626 2669 1709 qui

309 1735 487 1800 inter
532 1734 857 1819 mastigias
904 1739 968 1801 et
1011 1738 1380 1802 verberones
1442 1736 1743 1801 educatus
1797 1735 1934 1818 ipse
1994 1734 2322 1799 inhoneste
2368 1735 2432 1798 et
2474 1733 2670 1815 impie

310 1840 600 1906 vixeris?
672 1842 886 1925 Apage
930 1845 995 1908 te
1041 1862 1186 1907 cum
1230 1842 1372 1926 ipsa
1414 1845 1527 1907 tua
1574 1842 1878 1923 doctrina,
1930 1860 2075 1906 cum
2120 1841 2257 1923 ipsa
2300 1842 2413 1903 tua
2458 1839 2673 1903 inusta

312 1946 641 2012 cicatrice!
711 1948 1028 2013 Maculam
1072 1948 1263 2013 istam
1308 1951 1487 2013 tuam
1532 1948 1710 2031 prius
1758 1947 1961 2027 ablue,
2012 1965 2199 2030 quam
2245 1945 2416 2009 hunc
2459 1945 2671 2008 locum

310 2053 520 2136 probo
550 2052 686 2118 viro
731 2052 999 2137 dignum
1031 2054 1311 2137 capias!“
1376 2053 1562 2118 Anna
1590 2072 1757 2134 vero,
1805 2052 2088 2135 Milingii
2133 2051 2461 2116 cuiusdam
2495 2069 2670 2132 uxor,

314 2159 607 2244 aliaeque
654 2161 1007 2243 complures
1053 2160 1463 2225 mulierculae
1510 2160 1744 2242 spiritu
1790 2158 2248 2242 anabaptistico
2295 2157 2541 2222 afflatae
2573 2156 2672 2221 in-

316 2265 588 2350 dignum
636 2265 880 2331 facinus
927 2285 1061 2331 esse
1107 2267 1457 2331 exclamant
1501 2265 1711 2330 virum
1754 2264 1874 2330 Dei
1906 2284 1939 2329 e
1975 2265 2269 2349 suggesto
2317 2263 2672 2344 deturbare,

315 2371 796 2437 concionantem
842 2372 1167 2455 impedire,
1238 2372 1582 2438 salutarem
1627 2371 1979 2436 doctrinam
2040 2370 2287 2436 civibus
2355 2369 2672 2449 invidere;

317 2496 469 2543 eum
519 2477 648 2542 sibi
691 2496 727 2542 a
772 2478 837 2543 vi
883 2497 1007 2544 non
1053 2480 1426 2562 temperare,
1491 2479 1602 2562 qui
1647 2479 1725 2543 ab
1774 2477 1917 2543 aliis
1963 2477 2210 2543 illatam
2256 2476 2482 2541 merito
2528 2494 2674 2558 pro—

317 2575 655 2668 pulsaret(
706 2585 982 2667 Impium
1031 2585 1195 2650 illud
1241 2585 1444 2650 scelus
1492 2585 1771 2667 exemplo
1819 2603 2045 2665 carere,
2093 2583 2482 2666 impunitum
2527 2600 2674 2665 ergo

321 2710 453 2755 non
499 2690 1002 2773 relinquendum,
1076 2692 1511 2757 conniventem
1561 2694 1851 2757 senatum
1896 2689 2309 2755 amovendum
2355 2688 2677 2772 aliumque

320 2796 864 2879 substituendum,
936 2798 1048 2880 qui
1094 2798 1520 2881 evangelicam
1585 2798 1949 2862 libertatem
1994 2815 2120 2861 non
2165 2795 2496 2877 opprimat,
2569 2793 2679 2858 sed

322 2902 642 2985 singulari
707 2902 916 2967 favore
985 2904 1416 2986 prosequatur,
1489 2904 1675 2984 amet,
1746 2903 2110 2986 promoveat
2175 2903 2362 2984 atque
2430 2901 2718 2984 augeat!

320 3009 601 3091 Magnus
646 3006 748 3072 his
793 3008 1004 3074 verbis
1065 3009 1584 3074 muliercularum
1628 3008 1706 3073 fit
1750 3026 2119 3089 concursus,
2181 3026 2411 3089 magna
2452 3024 2680 3071 vocum

322 3114 615 3179 confusio
663 3117 729 3180 et
772 3118 1111 3197 tempestas
1158 3116 1330 3197 adeo,
1379 3117 1455 3181 ut
1498 3118 1636 3181 tota
1700 3114 1927 3197 templi
1997 3115 2317 3178 structura
2361 3115 2676 3177 tremeret.

322 3221 584 3287 Interea
629 3221 1016 3287 ecclesiastes
1062 3222 1173 3286 ille
1219 3222 1479 3287 insolita
1544 3220 1920 3303 intemperie
1967 3220 2343 3284 conterritus
2403 3218 2677 3283 evanuit.

322 3326 862 3391 Windemollerus
937 3327 1130 3395 etiam
1204 3328 1527 3410 garrulam
1602 3326 1981 3391 feminarum
2054 3326 2310 3401 turbam
2378 3324 2682 3408 effugiens

323 3432 569 3515 templo
638 3433 901 3497 excessit
946 3452 1019 3497 ac
1066 3452 1199 3498 sese
1262 3433 1581 3511 subduxit.
1677 3433 1891 3497 Motus
1951 3433 2163 3497 autem
2221 3431 2330 3496 ille
2376 3430 2683 3496 femineus

325 3538 774 3604 deficientibus
820 3540 1237 3623 antagonistis
1282 3539 1467 3604 facile
1513 3539 1773 3623 quievit.

549 3643 711 3710 *Sed
759 3644 1045 3709 seditiosi
1101 3648 1391 3711 senatum
1436 3644 1701 3728 pecunia
1747 3663 1784 3708 a
1828 3643 2112 3727 principe
2158 3645 2527 3726 corruptum
2572 3660 2686 3706 nec
2712 3670 2808 3740 περ,
2844 3667 2970 3725 383.

326 3752 656 3836 evangelio
703 3752 911 3817 favere
954 3753 1192 3836 passim
1238 3771 1352 3835 per
1381 3752 1604 3816 urbem
1636 3750 1967 3831 dictitant3
2014 3750 2213 3816 alium
2258 3748 2520 3833 proinde
2553 3767 2686 3813 esse

328 3857 716 3941 eligendum.
810 3857 977 3938 Quid
1031 3857 1298 3923 multis?
1371 3858 1472 3921 Ita
1515 3856 1824 3940 paulatim
1873 3855 1941 3920 in
1986 3856 2144 3920 urbe
2211 3853 2685 3937 anabaptismus

555 4088 596 4153 ¹)
632 4087 705 4141 Er
740 4088 816 4142 ist
849 4086 992 4143 wohl
1028 4086 1205 4142 sicher
1240 4086 1501 4155 derselbe,
1547 4086 1645 4140 der
1680 4086 1737 4139 in
1775 4084 1872 4139 der
1905 4082 2324 4153 Versammlung
2360 4082 2456 4136 der
2493 4080 2689 4135 Gilden

330 4194 425 4232 am
468 4179 513 4230 1.
552 4176 669 4231 Juli
708 4176 846 4231 1532
882 4176 971 4231 die
1006 4177 1218 4247 But-ger
1255 4192 1321 4229 zu
1359 4176 1535 4230 einem
1570 4173 1766 4229 Bunde
1821 4190 1995 4244 gegen
2034 4173 2122 4227 die
2157 4169 2559 4226 Unterdriicker
2596 4168 2690 4223 des

330 4265 722 4336 Evangeliums
759 4264 974 4334 auh-ies,
1012 4264 1123 4319 und
1160 4265 1257 4319 der
1293 4264 1437 4318 dann
1475 4264 1532 4317 in
1564 4263 1667 4318 den
1707 4263 1866 4317 dafiir
1901 4262 2368 4332 niedergesetzten
2394 4256 2692 4313 Ausschuss

330 4353 434 4410 der
470 4354 541 4409 36
577 4353 807 4408 Manner
842 4354 1082 4425 gewahlt
1118 4353 1317 4408 wurde.
1390 4352 1517 4423 vgl.
1552 4351 1655 4407 Bd.
1692 4354 1712 4402 l
1756 4350 1810 4407 S.
1847 4352 1953 4404 213
1972 4350 2010 4405 f.
