3259 5075
575 228 705 294 646
1440 229 1621 296 Anno
1674 232 1845 296 1534
1890 232 2047 297 acta.

786 406 1151 490 Reliquerat
1196 406 1301 472 hic
1346 407 1691 472 Boekelson
1736 426 1990 472 uxorem
2058 426 2237 472 suam
2281 407 2350 471 in
2395 408 2603 492 patria
2663 409 2927 474 vaferri-

573 532 771 595 mam,
843 532 998 596 quae
1045 512 1261 577 eadem
1318 512 1449 578 fece
1495 513 1946 595 contaminata,
2019 532 2144 598 qua
2188 514 2483 597 maritus,
2549 515 2785 580 multos
2831 515 2929 579 ibi

573 618 1118 702 blandiloquentia
1162 638 1276 683 sua
1306 618 1665 683 clanculum
1711 619 2057 684 seduxerat.
2131 619 2252 684 Sed
2298 619 2670 703 priusquam
2705 622 2928 686 Mona-

577 724 841 789 sterium
887 722 1209 788 obsidione
1279 723 1562 789 solutum
1623 726 1806 806 esset,
1856 744 1895 789 a
1937 723 2316 809 magistram
2361 725 2653 809 Leydano
2700 746 2930 811 appre-

572 830 769 894 hensa
815 828 1134 894 temerarii
1180 829 1538 895 schismatis
1583 849 1813 914 poenas
1857 830 2070 914 gladio
2115 830 2341 914 pendit
2357 834 2399 896 ¹.
2477 833 2764 898 Fratrem
2813 834 2929 898 ha-

572 934 736 1016 buit,
785 953 972 1018 quem
1017 954 1229 1000 secum
1275 935 1344 999 in
1388 936 1611 1000 urbem
1659 936 1918 1001 abduxit
1939 938 1980 1001 ².
2048 937 2236 1002 Soror
2278 957 2424 1003 vero
2471 939 2717 1003 consuli
2763 939 2929 1022 Ley-

575 1040 736 1106 dano
779 1039 1024 1124 nupsit3
1073 1041 1178 1105 cui
1224 1060 1370 1105 cum
1414 1040 1671 1106 fortuna
1714 1031 2173 1124 novercaretur,
2221 1043 2433 1109 locum
2479 1044 2926 1126 commutavit3

574 1166 688 1212 nec
734 1148 946 1211 tamen
989 1146 1059 1210 id
1101 1148 1380 1212 multum
1427 1147 1688 1231 profuit,
1753 1167 1898 1212 nam
1944 1147 2148 1232 inops,
2195 1150 2271 1214 ut
2318 1148 2574 1232 dicitur,
2624 1168 2805 1231 anno,
2855 1151 2931 1214 ut

576 1252 816 1335 opinor,
872 1254 1039 1318 1568
1088 1272 1120 1317 e
1165 1252 1328 1316 vivis
1378 1253 1660 1318 excessit.

790 1359 892 1423 Ita
924 1359 1166 1443 regiam
1203 1358 1598 1424 maiestatem
1644 1378 1756 1442 per
1784 1360 2343 1443 Warendorpensis
2386 1360 2730 1444 prophetae
2763 1379 2932 1425 som-

576 1463 759 1529 nium
803 1467 1174 1530 consecutus
1220 1464 1532 1548 palatinos
1579 1465 1681 1529 vel
1724 1464 1952 1547 palatii
1998 1466 2100 1531 sui
2146 1467 2470 1532 ministros
2518 1485 2629 1532 seu
2690 1466 2930 1532 aulicos

579 1590 644 1635 se
686 1570 928 1655 dignOS,
977 1571 1096 1636 hoc
1143 1575 1237 1639 est
1284 1574 1796 1640 sceleratissimos
1844 1594 2143 1660 quosque,
2194 1577 2320 1641 sibi
2365 1575 2610 1659 deligit,
2659 1576 2933 1640 maxime

577 1695 723 1742 1010
768 1697 900 1759 003,
963 1697 1228 1761 quorum
1278 1680 1621 1745 collusione
1668 1681 1748 1745 ad
1792 1680 1912 1745 hoc
1958 1682 2213 1747 honoris
2274 1681 2605 1765 fastigium
2650 1682 2928 1746 emersit.

577 1782 900 1868 Principio
946 1785 1178 1868 itaque,
1224 1786 1300 1850 ut
1346 1804 1457 1851 suo
1502 1784 1745 1869 hospiti
1790 1787 1859 1851 in
1888 1787 2113 1870 primis
2159 1786 2624 1872 gratificaretur
2669 1788 2734 1851 et
2780 1787 2933 1851 sub-

580 1888 862 1954 ditorum
920 1890 1228 1955 rationem
1297 1890 1552 1973 habeat,
1616 1892 1672 1956 si
1717 1911 1907 1976 regno
1970 1894 2154 1958 aucto
2201 1895 2264 1958 et
2311 1892 2571 1957 dilatato
2635 1891 2932 1957 omnibus

581 1995 874 2061 oneribus
924 1996 1092 2062 solus
1156 2016 1476 2080 superesse
1523 2016 1650 2062 non
1710 1997 1939 2080 possit,
2010 1997 2581 2082 Knipperdollingo
2627 1996 2933 2062 vicariam

582 2120 833 2184 operam
878 2103 941 2166 et
999 2101 1394 2167 fiduciariam
1460 2101 1643 2186 regni
1712 2103 2323 2169 administrationem
2386 2123 2451 2168 se
2513 2104 2771 2168 absente
2829 2102 2934 2167 vel

582 2208 882 2289 occupato
959 2208 1305 2273 committit
1322 2209 1365 2273 ⁸.
1466 2208 1825 2274 Bernardus
1893 2209 2360 2291 Rothmannus‚
2440 2207 2644 2273 omnis
2720 2209 2933 2273 motus

798 2433 840 2503 ¹)
876 2434 995 2490 Von
1034 2433 1138 2489 den
1187 2435 1754 2491 wiedertauferischen
1789 2436 2050 2491 Unruhen
2086 2437 2145 2490 in
2182 2436 2385 2491 Leiden
2434 2437 2510 2489 im
2547 2434 2583 2490 J
2585 2451 2757 2489 001101
2795 2433 2937 2489 1535

580 2521 852 2579 berichtet
888 2522 1028 2577 auch
1064 2523 1125 2579 L.
1163 2523 1594 2580 Hortensius
1632 2525 1688 2581 S.
1726 2524 1812 2580 53.
1884 2524 2068 2595 Vergl.
2108 2523 2246 2579 dazu
2284 2522 2343 2580 C.
2379 2524 2445 2580 A.
2484 2522 2836 2579 Cornelius
2876 2524 2938 2578 in

583 2611 688 2666 den
728 2610 1194 2681 „Abhandlungen
1231 2612 1284 2668 d.
1322 2613 1450 2683 Kgl.
1486 2614 1681 2684 Bayer.
1719 2613 1891 2669 Akad.
1928 2613 1982 2668 d.
2019 2612 2378 2668 Wissensch.“
2418 2612 2548 2668 hist.
2587 2611 2678 2667 Kl.
2723 2611 2826 2667 Bd.
2869 2613 2935 2666 11

580 2698 769 2768 Abtlg.
796 2700 830 2752 2
871 2700 1162 2768 (Miinchen
1203 2701 1359 2769 1869)
1401 2702 1454 2756 S.
1483 2703 1551 2756 66
1570 2703 1609 2756 f.
1635 2718 1688 2755 u.
1713 2701 1800 2769 88,
1836 2718 1918 2756 wo
1946 2717 2001 2754 03
2039 2701 2097 2754 10
2134 2701 2311 2755 01110111
2345 2701 2529 2755 Briefe
2563 2701 2661 2754 des
2698 2700 2940 2770 Reynier

582 2788 762 2842 Brunt
797 2805 868 2842 an
905 2789 1009 2843 den
1048 2788 1251 2843 Grafen
1286 2806 1389 2844 von
1426 2789 1813 2844 Hoichstraten
1847 2806 1970 2843 vom
2006 2788 2093 2844 27.
2119 2788 2329 2842 Januar
2370 2789 2504 2842 1535
2541 2788 2736 2843 heisst:
2782 2787 2937 2854 „Van

582 2875 890 2931 Dordrecht
924 2875 1028 2931 heb
1055 2878 1105 2930 ic
1141 2880 1372 2932 meester
1405 2877 1641 2932 Vincent
1676 2893 1748 2946 up
1787 2878 2049 2947 eergister
2085 2876 2224 2931 doen
2261 2875 2546 2930 advertam
2582 2893 2687 2930 100
2713 2876 2782 2931 de
2815 2893 2936 2930 101·

584 2964 881 3036 gaderinge
917 2965 1005 3018 tot
1040 2964 1260 3034 Leyden
1308 2981 1412 3018 van
1448 2964 1552 3019 den
1603 2965 1985 3035 anabaptisten
2042 2968 2160 3019 ten
2194 2963 2414 3034 huyse
2450 2980 2581 3018 van
2618 2964 2744 3019 den
2780 2980 2937 3033 pre-

585 3057 786 3109 tense
842 3053 1135 3107 coninck
1187 3069 1313 3106 van
1350 3053 1543 3122 Sion,
1601 3053 1690 3107 die
1724 3052 1950 3122 welcke,
2006 3069 2110 3106 nae
2146 3070 2209 3123 sy
2245 3052 2446 3122 langen
2484 3054 2575 3122 tyt
2620 3052 2938 3106 resistencie

586 3141 795 3213 gedaen
831 3140 1062 3209 haddon,
1099 3142 1156 3194 in
1192 3142 1512 3211 vangenisse
1548 3140 1812 3211 gebrocht
1835 3158 1935 3211 syn
1967 3143 2053 3196 tot
2087 3142 2145 3195 in
2182 3140 2334 3211 getal
2367 3157 2474 3194 van
2513 3140 2579 3194 19
2618 3139 2679 3194 of
2710 3141 2779 3192 20
2814 3156 2938 3209 per-

588 3247 780 3299 sonen,
820 3246 911 3283 soe
946 3245 1196 3284 vrouwen
1233 3228 1316 3283 als
1352 3245 1608 3297 mannen,
1666 3228 1832 3283 daer
1884 3228 2202 3284 desselfs
2253 3229 2537 3283 conincx
2585 3226 2939 3297 huysvroe

590 3335 711 3374 0011
747 3318 816 3372 of
850 3334 918 3372 03
958 3359 971 3372 .
995 3357 1009 3374 .
1030 3318 1076 3369 .“

803 3402 848 3474 ⁹)
884 3405 1055 3460 Einen
1092 3405 1303 3461 Bruder
1337 3407 1374 3460 J
1377 3406 1599 3461 ohann’s
1648 3405 1796 3460 finde
1831 3406 1923 3460 ich
1958 3408 2016 3461 in
2053 3406 2157 3462 den
2195 3406 2424 3473 Quellen
2473 3423 2579 3461 nur
2614 3404 2814 3461 0101001
2853 3420 2938 3458 er-

588 3493 791 3550 11011111.
863 3492 987 3549 Joh.
1024 3495 1267 3565 Klopriss
1323 3499 1448 3565 sagt
1484 3513 1581 3550 aus
1640 3496 1715 3565 (J.
1752 3496 2042 3550 Niesert
2076 3496 2281 3551 a.a.O.
2319 3496 2374 3550 S.
2414 3497 2558 3564 128),
2600 3495 2729 3563 „der
2763 3494 2940 3564 kunig

588 3582 698 3637 hab
733 3599 855 3636 vom
891 3586 1096 3637 sturme
1131 3584 1483 3655 prophetiert,
1538 3584 1940 3655 dessgeleichen
1977 3583 2133 3652 auch,
2187 3583 2305 3638 das
2342 3585 2484 3638 sein
2519 3582 2778 3638 broder
2813 3584 2943 3637 mit

590 3669 1223 3743 Knipperdollings
1262 3673 1548 3727 dochter
1601 3673 1786 3727 sulle
1833 3671 2243 3728 verhillicht
2289 3671 2610 3726 werden.“

806 3757 852 3828 ⁸)
887 3759 992 3814 Die
1028 3760 1390 3829 Einrichtung
1424 3761 1519 3815 des
1554 3761 1873 3817 Hofstaates
1928 3762 2088 3817 sowie
2125 3759 2213 3814 die
2248 3760 2578 3830 Ernennung
2614 3758 2710 3814 der
2744 3758 2939 3829 konig-

590 3847 772 3902 lichen
806 3848 1069 3903 Beamten
1105 3849 1216 3903 und
1252 3848 1454 3903 Diener
1505 3850 1583 3903 ist
1615 3849 1758 3903 nach
1793 3849 1916 3904 dem
1949 3849 2344 3903 Bekenntnisse
2398 3847 2491 3902 des
2528 3845 2564 3900 J
2567 3847 2655 3902 011.
2692 3845 2941 3917 Klopriss

592 3952 712 3992 a.a.
735 3935 798 3992 Ο.
836 3936 890 3991 8.
921 3938 1020 3990 113
1057 3937 1169 3991 und
1203 3938 1346 3991 nach
1380 3937 1451 3992 H.
1490 3937 1847 3993 Gresbeck
1884 3938 1936 3993 S.
1964 3939 2035 3992 85
2072 3936 2243 3991 durch
2277 3935 2587 3990 Rothmann
2626 3950 2723 3988 aus
2761 3935 2939 3989 01110111

591 4024 846 4094 Register
882 4023 1003 4079 dem
1026 4024 1200 4080 Volke
1235 4025 1561 4096 verkfindigt
1596 4025 1827 4081 worden.
1881 4026 1985 4080 Die
2021 4026 2097 4079 im
2133 4023 2445 4094 Folgenden
2481 4040 2584 4076 100
2622 4022 2803 4076 Κο133.
2844 4039 2939 4092 ge-

593 4114 836 4183 gebenen
872 4112 1085 4166 Namen
1121 4112 1233 4167 und
1270 4112 1864 4183 Amtsbezeichnungen
1900 4113 2082 4167 finden
2120 4111 2235 4167 sich
2270 4112 2374 4166 mit
2408 4112 2654 4180 wenigen
2687 4109 2940 4164 Ausnah-

593 4216 719 4254 men
753 4198 952 4253 wieder
986 4200 1044 4254 in
1081 4200 1177 4256 der
1211 4202 1270 4255 in
1305 4200 1735 4256 hochdeutscher
1760 4199 1996 4270 Sprache
2033 4199 2381 4270 gedruckten,
2416 4200 2506 4254 bei
2532 4197 2766 4252 Weitem
2801 4197 2938 4253 1011-

595 4287 945 4358 standigeren
990 4289 1132 4358 „Des
1167 4290 1598 4345 Mi'msterischen
1643 4290 1882 4360 Kssniges
1918 4288 1955 4344 J
1956 4287 2136 4343 0110110
2161 4304 2264 4342 von
2288 4286 2471 4341 Leden
2507 4285 2935 4356 Hoffordnung,“
