3259 5075
1161 264 1344 329 Anno
1406 266 1565 329 1534
1612 266 1773 329 acta.
2505 264 2632 328 687

271 460 421 505 cum
452 439 981 505 Monasterienses
1028 440 1098 504 in
1130 442 1350 524 coepta
1394 439 1736 505 rebellione
1781 440 2191 523 pertinaciter
2235 441 2634 522 perseverent

272 546 589 630 malisque
635 546 768 610 suis
805 545 1104 628 exemplis
1139 545 1374 610 multos
1423 546 1501 610 ad
1534 545 1809 611 similem
1854 545 2313 611 contumaciam
2361 564 2633 610 commo-

272 671 424 717 vere
455 654 709 735 queant,
758 653 833 716 ut
865 651 1104 715 civium
1152 652 1677 734 subditorumque
1711 670 1967 716 suorum
1999 652 2305 715 rationem
2340 652 2631 733 habeant,

274 778 357 823 ne
392 777 457 822 se
490 776 759 841 suosque
790 758 859 821 in
892 757 1099 821 simile
1132 757 1472 822 discrimen
1504 759 1567 822 et
1599 757 1855 821 tandem
1886 757 2148 822 exitium
2196 757 2631 839 praecipitent.

493 864 625 928 Rex
670 863 907 928 recenti
951 864 1219 928 victoria
1264 864 1524 929 inflatus
1573 862 1811 929 fastum
1879 863 2343 928 intolerabilem
2388 868 2633 945 ornatu,

276 971 531 1035 incessu
579 972 643 1035 et
688 965 974 1035 moribus
1021 973 1297 1035 ostentat
1343 991 1414 1034 ac
1461 970 1726 1054 originis
1771 970 2062 1053 vitaeque
2129 989 2276 1035 suae
2330 970 2635 1053 pristinae

279 1077 614 1141 immemor
658 1079 723 1141 et
770 1076 1011 1141 oblitus
1058 1076 1341 1161 quotidie
1388 1096 1564 1159 nova,
1629 1097 1786 1161 quae
1833 1077 1912 1140 ad
1959 1078 2203 1159 regium
2252 1077 2439 1142 decus
2484 1076 2637 1141 illu-

278 1181 614 1247 strandum
673 1181 1021 1267 pertinent,
1083 1182 1605 1263 comminiscitur,
1672 1201 1891 1247 saevus
1939 1184 2004 1247 et
2049 1183 2323 1248 crudelis
2370 1184 2436 1247 in
2486 1184 2634 1248 sub-

277 1289 468 1354 ditos.
532 1289 796 1353 Ioannes
829 1290 1042 1353 autem
1071 1288 1547 1352 Dusentschuer
1577 1288 1888 1371 propheta
1910 1290 1947 1367 ¹,
1984 1307 2130 1352 cum
2161 1289 2237 1352 dc
2271 1289 2434 1371 regis
2467 1288 2637 1353 fastu

279 1398 348 1461 et
394 1394 771 1459 crudelitate
814 1394 1064 1478 plebem
1110 1393 1392 1461 infausta
1436 1394 1880 1459 mussitantem
1926 1394 2327 1477 intelligeret,
2385 1394 2636 1459 ruinam

279 1501 431 1567 novi
478 1500 758 1584 imperii,
833 1499 1015 1565 cuius
1062 1500 1197 1583 ipse
1244 1502 1464 1565 auctor
1509 1500 1743 1580 fuerat,
1814 1499 2071 1582 metuit,
2123 1499 2246 1565 nisi
2292 1501 2428 1582 ipse
2474 1500 2638 1564 illud

279 1627 444 1673 novo
491 1608 712 1672 robore
756 1607 1055 1671 firmaret.
1118 1607 1236 1670 Die
1279 1607 1496 1689 itaque
1545 1608 1648 1672 523.
1684 1606 2070 1689 Septembris
2115 1606 2184 1671 in
2231 1607 2525 1671 concione
2572 1609 2635 1670 et
2663 1623 2729 1664 2³·
2760 1618 2894 1673 sept.

280 1713 543 1796 publico
588 1711 812 1796 populi
857 1714 1165 1777 conventu
1200 1712 1280 1776 ad
1312 1712 1697 1777 audiendum
1743 1711 1920 1776 verbi
1949 1711 2067 1775 Dei
2103 1712 2179 1777 de
2210 1731 2380 1777 more
2426 1713 2637 1776 coacto

280 1839 501 1885 vocem
547 1838 727 1884 suam
772 1818 1038 1883 exaltat:
1092 1819 1445 1900 „FratreS,“
1497 1818 1726 1900 inquit,
1780 1817 2355 1900 „christianissima
2404 1817 2641 1882 recenti

283 1946 397 1992 vos
445 1925 655 1990 adhuc
717 1923 1023 1989 memoria
1080 1926 1292 1989 tenere
1338 1924 1628 2005 arbitror,
1705 1922 1871 2006 quod
1917 1923 2301 2006 quibusdam
2345 1942 2417 1988 ex
2460 1922 2639 1988 vobis

284 2032 504 2098 decem
548 2031 679 2097 iam
725 2031 928 2113 anniS,
976 2029 1357 2113 quibusdam
1404 2049 1525 2109 sex,
1575 2029 1721 2094 aliis
1767 2030 1995 2109 tribu3,
2044 2030 2187 2094 aliis
2234 2029 2640 2112 paucioribus

284 2137 470 2203 annis
517 2139 782 2203 verbum
826 2137 945 2201 Dei
992 2137 1449 2201 annunciatum
1495 2137 1640 2200 sit.“
1710 2135 2069 2218 Respondet
2114 2138 2250 2201 tota
2293 2135 2659 2201 multitudo

285 2265 353 2311 se
400 2244 467 2309 id
514 2244 694 2309 scire.
796 2242 1070 2325 „Audite
1115 2261 1281 2326 erge,
1343 2243 1630 2326 populi,“
1684 2242 1914 2326 inquit,
1968 2244 2073 2323 „et
2118 2241 2458 2325 intelligite
2503 2261 2643 2305 ver-

284 2353 443 2416 bum
476 2351 614 2433 Dei,
663 2348 831 2434 quod
864 2368 978 2432 per
1006 2368 1107 2414 me
1138 2349 1317 2414 vobis
1349 2349 1717 2413 nunciatur!
1776 2348 2026 2430 Omnes,
2076 2349 2385 2431 quotquot
2416 2346 2642 2412 dehinc

286 2459 359 2522 in
406 2456 690 2542 agnitam
749 2455 1083 2521 veritatem
1149 2454 1558 2540 pertinaciter
1602 2456 1881 2539 peccant,
1951 2473 2150 2539 neque
2213 2453 2282 2517 in
2327 2451 2643 2537 praesenti

288 2564 539 2630 saeculo
587 2582 787 2646 neque
831 2562 900 2627 in
944 2561 1161 2628 futuro
1210 2562 1428 2628 delicti
1471 2563 1745 2646 gratiam
1790 2561 2132 2644 invenient,
2191 2560 2295 2626 sed
2345 2560 2642 2626 continuo

288 2670 457 2754 regis
505 2669 768 2734 arbitrio
813 2669 1163 2752 tradentur,
1212 2668 1325 2753 qui
1371 2689 1473 2734 eos
1505 2669 1788 2753 ensigero
1835 2668 2205 2749 committet,
2253 2671 2329 2732 ut
2374 2667 2530 2731 tales
2568 2666 2644 2730 de

288 2775 498 2841 medio
527 2774 826 2840 Israhelis
858 2775 1170 2840 tollantur
1201 2777 1265 2839 et
1295 2775 1598 2840 memoria
1625 2775 1887 2839 illorum
1920 2773 2300 2856 sempiterna
2332 2771 2644 2836 oblivione

289 2880 640 2947 deleatur.“
737 2880 873 2945 Hac
917 2881 1162 2946 ratione
1223 2879 1600 2945 meditantes
1663 2879 2070 2945 rebellionem
2114 2879 2206 2943 ita
2253 2879 2521 2958 coercet,
2570 2878 2646 2941 ut

288 3007 475 3054 nemo
522 2986 806 3052 virorum
852 2988 1073 3052 contra
1131 3006 1344 3070 regem
1412 2985 1706 3070 regiaque
1773 2985 2072 3051 instituta
2116 2983 2352 3048 mutire
2397 2981 2641 3047 audeat.

291 3094 415 3160 Sed
446 3095 661 3158 tamen
692 3092 1024 3158 Elizabeth
1054 3091 1413 3175 HolscherS,
1463 3112 1609 3158 cum
1639 3091 1874 3157 mulier
1903 3093 2083 3173 esset,
2131 3089 2276 3174 plus
2313 3089 2439 3154 sibi
2484 3089 2646 3154 forte

290 3199 537 3265 ratione
585 3217 766 3264 sexus
832 3198 1239 3281 impunitatis
1305 3217 1558 3281 sperans
1621 3197 1950 3263 dominum
1994 3217 2065 3262 ac
2110 3195 2413 3261 maritum
2459 3214 2647 3259 suum

292 3304 713 3373 Godefridum
740 3304 1009 3370 Beckers
1040 3306 1141 3369 ter
1170 3305 1467 3388 quaterve
1513 3304 1796 3388 negando
1829 3302 2107 3387 coniugii
2147 3301 2434 3366 debitum
2466 3319 2647 3366 enor-

291 3412 487 3477 miter
531 3410 794 3477 offendit
841 3429 912 3475 ac
956 3410 1212 3475 tandem
1258 3409 1657 3474 manifestam
1704 3409 2184 3492 blasphemiam,
2237 3410 2310 3473 ut
2357 3406 2645 3472 retinctis

292 3519 506 3586 visum
550 3519 665 3600 est,
713 3515 1113 3581 *effundensz
1166 3516 1258 3598 „O
1290 3516 1537 3598 Pater,“
1586 3515 1818 3599 inquit,
1872 3515 1967 3598 „si
2013 3517 2233 3598 potens
2281 3533 2344 3579 es
2356 3526 2398 3597 ⁸,
2447 3513 2644 3595 effice,
2670 3528 2768 3601 *μ
2805 3527 2931 3585 543.

510 3695 558 3763 ⁸)
595 3694 704 3749 Ms.
718 3712 735 3746 :
772 3697 873 3751 est.

295 3890 559 3960 gegeben.
606 3888 720 3944 Der
742 3886 971 3943 Bischof
1000 3885 1244 3955 befiehlt,
1281 3886 1400 3941 dass
1438 3886 1526 3940 die
1552 3885 1746 3941 Stadte
1781 3888 1943 3940 untcr
1977 3885 2133 3940 ihren
2156 3886 2405 3955 Biirgern
2441 3901 2648 3954 „gyner

296 3976 731 4049 ungcwontliger
766 3991 1011 4046 nyerong
1047 3975 1212 4030 edder
1232 3973 1547 4046 rotteryen“
1584 3977 1880 4045 gestatten,
1918 3973 2031 4028 und
2068 3972 2194 4027 falls
2232 3971 2506 4027 dieselben
2529 3989 2648 4026 vor-

294 4066 510 4135 kssmen,
545 4066 823 4120 besta-afen
860 4063 1050 4120 sollen.
1122 4064 1199 4119 Zu
1238 4064 1478 4134 gleicher
1515 4063 1636 4119 Zeit
1689 4063 1917 4118 bcfiehlt
1953 4061 2048 4116 der
2082 4061 2310 4116 Bischof
2355 4061 2459 4115 don
2493 4059 2648 4115 Amt-

294 4154 501 4222 leuten,
538 4170 649 4224 „yn
684 4169 811 4208 eren
847 4155 1128 4223 amp‘oeren
1165 4151 1307 4207 unde
1341 4153 1547 4221 buyten
1584 4151 1690 4206 den
1726 4150 1915 4206 steden
1953 4151 2046 4205 des
2071 4150 2299 4205 handels
2336 4149 2554 4220 upsicht
2590 4153 2648 4204 to

294 4244 443 4299 hebn
478 4242 625 4298 unde
659 4242 767 4298 den
803 4241 994 4297 steden
1033 4281 1045 4294 .
1065 4281 1079 4295 .
1103 4280 1117 4294 .
1154 4240 1288 4312 hulp
1325 4241 1470 4295 unde
1504 4241 1733 4311 bystant
1767 4242 1825 4295 to
1864 4238 2055 4294 doen.“

519 4332 562 4402 ¹)
597 4331 712 4387 Das
748 4330 1026 4402 Folgende
1062 4330 1334 4385 berichtet
1368 4346 1473 4384 nur
1506 4330 1689 4384 Kerss.
