3259 5075
347 2278 447 2351 ’p.
485 2279 607 2334 626.

635 284 766 348 866
1501 281 1685 345 Α11110
1740 281 1907 345 1535
1952 284 2110 346 acta.

850 458 918 523 Si
964 458 1155 522 etiam
1214 456 1471 540 quidam
1541 456 1945 521 miseratione
2007 456 2186 541 digni
2254 457 2827 540 deprehendantur,
2899 456 3006 521 ita

636 586 782 631 cum
814 565 944 629 illis
978 552 1618 628 circumstantiarum*
1642 562 1865 628 habita
1893 563 2135 629 ratione
2167 566 2410 648 agatur,
2458 583 2536 628 ne
2566 563 2710 646 quis
2741 565 3005 645 praeter

636 671 934 736 meritum
981 672 1046 735 et
1090 668 1472 753 aequitatem
1521 670 1915 753 degravetur.

847 775 931 840 Et
977 794 1122 839 cum
1168 774 1331 839 sacri
1398 775 1666 840 Romani
1726 775 1983 858 imperii
2028 775 2277 841 ordines
2337 796 2451 859 per
2494 774 3000 840 inobedientiam

634 882 913 948 civitatis
948 881 1457 946 Monasteriensis
1491 882 1571 946 ad
1616 881 1956 946 immensos
1996 887 2288 965 sumptus
2321 885 2385 946 et
2428 883 2745 965 impensas
2777 881 3001 945 adacti

635 992 699 1054 et
744 1008 856 1072 per
899 988 1164 1070 impiam
1222 988 1700 1072 inauditamque
1762 988 2122 1053 schismatis
2184 990 2650 1072 persuasionem
2695 989 2765 1052 in
2814 1007 2998 1051 sum-

634 1115 811 1160 mum
858 1095 1230 1175 animarum,
1281 1113 1613 1177 corporum
1660 1097 1725 1159 et
1771 1096 2078 1159 bonorum
2124 1094 2476 1176 periculum
2525 1094 2787 1159 adducti
2836 1094 2992 1173 sint,

634 1222 711 1266 110
758 1201 959 1284 igitur
1001 1200 1072 1264 in
1108 1200 1314 1264 simile
1361 1200 1700 1266 discrimen
1747 1202 1813 1265 et
1856 1200 2322 1282 impendiorum
2368 1200 2877 1284 magnitudinem
2921 1199 2997 1262 in

634 1310 957 1391 posterum
1019 1306 1532 1389 praecipitentur,
1597 1327 1725 1372 non
1771 1306 2154 1372 commodior
2200 1306 2544 1390 utiliorque
2590 1306 2693 1371 via
2739 1306 2996 1389 excogi-

631 1416 767 1478 tata
813 1414 932 1493 est,
998 1431 1189 1495 quam
1235 1413 1311 1476 ut
1355 1412 1731 1495 praecipuae
1791 1412 2176 1479 munitiones
2224 1413 2401 1478 urbis
2439 1412 2994 1477 ·Monasteriensis

634 1518 1073 1583 rescindantur
1119 1520 1183 1581 et
1239 1518 1566 1599 tollantur,
1635 1519 1729 1583 ita
1772 1520 2002 1601 tamen,
2051 1522 2127 1583 ut
2186 1520 2254 1584 in
2299 1520 2707 1584 rescissorum
2772 1519 2997 1582 locum

633 1643 778 1689 cum
826 1624 1200 1689 auctoritate
1236 1643 1426 1707 snpra
1457 1625 1775 1690 dictorum
1820 1626 2173 1709 legatorum
2218 1626 2387 1690 muri
2420 1626 2707 1708 vulgares
2746 1624 2995 1689 substi-

632 1733 898 1796 tuantur
942 1734 1006 1795 et
1052 1730 1329 1794 civitatis
1379 1732 1602 1795 saltem
1650 1752 1874 1797 nomen
1922 1732 2224 1812 retineat3
2274 1751 2431 1815 quae
2463 1751 2561 1796 res
2607 1751 2731 1795 non
2779 1730 2997 1795 solum

632 1837 994 1902 futurorum
1064 1836 1490 1919 periculorum
1550 1840 1793 1902 metum
1854 1837 2278 1920 propulsabit,
2329 1856 2548 1902 verum
2593 1837 2786 1902 etiam
2830 1836 2991 1901 haec

631 1944 786 2008 urbs
834 1962 946 2007 3110
995 1942 1273 2025 exemplo
1321 1941 1476 2007 alias
1523 1961 1770 2026 quoque
1815 1941 2207 2024 respublicas
2238 1961 2278 2006 a
2307 1943 2503 2007 simili
2547 1944 2876 2025 impietate
2923 1944 2994 2007 et

633 2049 971 2114 rebellione
1017 2049 1280 2131 posthac
1326 2049 1607 2114 terrebit.
1702 2048 2033 2113 Praeterea
2085 2048 2282 2132 legati
2328 2067 2519 2133 supra
2564 2050 2719 2114 dicti
2769 2068 2989 2114 01111103

633 2155 820 2220 1311113
868 2156 1148 2221 civitatis
1195 2155 1579 2220 munitiones
1626 2156 1983 2237 praesentes
2032 2154 2374 2237 inspicient
2406 2158 2468 2220 et
2497 2156 2663 2220 111101
2694 2174 2800 2236 30,·
2827 2174 2991 2238 quae

636 2262 766 2326 sint
811 2261 1275 2342 rescindendae,
1340 2261 1728 2326 convenient.
1824 2260 1992 2326 Hinc
2039 2260 2418 2327 vo*luntatis
2467 2280 2614 2326 suae
2660 2261 2990 2325 decretum

635 2367 1030 2449 confirmato,
1094 2368 1400 2451 capitulo,
1465 2367 1788 2432 nobilitati
1836 2369 1899 2432 et
1943 2368 2214 2432 dioecesi
2276 2368 2725 2452 significabunt
2770 2369 2860 2448 et,
2912 2369 2991 2432 ut

628 2472 883 2556 imperii
929 2473 1253 2540 decretum
1285 2474 1597 2539 maturius
1630 2476 2035 2558 exequantur,
2086 2473 2303 2539 sedulo
2349 2474 2699 2555 instabunt,
2748 2473 2988 2557 quibus

629 2579 930 2645 dioecesis
978 2581 1181 2645 status
1229 2581 1543 2663 parebunt
1567 2584 1608 2645 ¹.

805 2687 934 2751 ·Ne
981 2689 1191 2752 autem
1238 2687 1598 2751 innocentes
1645 2686 2012 2752 nocentium
2057 2707 2288 2770 poenas
2336 2687 2404 2752 in
2449 2687 2747 2752 civilibus
2795 2688 2986 2751 rebus

627 2793 964 2876 perferant,
1014 2793 1336 2858 decretum
1383 2795 1497 2873 est,
1546 2795 1622 2857 ut
1668 2793 1852 2875 cives,
1901 2793 2013 2876 qui
2057 2796 2216 2858 urbe
2263 2795 2676 2874 excesserunt,
2730 2793 2787 2857 si
2833 2811 2986 2858 ana-

627 2900 942 2983 baptismo
991 2920 1056 2965 se
1087 2918 1212 2964 non
1257 2898 1643 2981 polluerunt,
1692 2899 2004 2964 maiorum
2035 2919 2297 2964 suorum
2342 2898 2696 2983 antiquitus
2728 2903 2792 2963 et
2837 2901 2987 2964 ante

630 3006 889 3071 exilium
959 3006 1242 3071 habitam
1289 3004 1467 3069 urbis
1540 3005 2152 3071 administrationem
2200 3008 2265 3071 et
2308 3006 2590 3089 regimen
2653 3005 2984 3089 recipiant,

629 3115 942 3195 senatum,
1014 3112 1353 3193 iudicium,
1417 3110 1927 3177 mechanicorum
1984 3112 2205 3177 munia
2249 3114 2313 3176 01
2357 3111 2622 3178 curialia
2668 3112 2989 3176 consortia

628 3219 983 3283 restaurent
1002 3220 1041 3300 2,
1093 3218 1325 3302 quibus
1374 3218 1645 3302 singulis
1694 3237 1807 3283 sua
1853 3219 2012 3301 iura,
2063 3218 2416 3302 privilegia,
2463 3219 2812 3299 libertateS,
2858 3218 2986 3283 im-

846 3464 886 3533 ¹)
925 3463 1010 3518 Im
1046 3463 1347 3519 Abschiede
1383 3464 1553 3520 heisst
1578 3482 1635 3519 es
1673 3465 1813 3519 nach
1851 3464 1972 3517 dem
2009 3463 2371 3518 einleitenden
2411 3464 2571 3519 Satze
2608 3479 2735 3518 nur:
2779 3501 2860 3527 „..
2883 3505 2896 3518 .
2928 3480 2990 3519 so

625 3551 800 3606 sollen
839 3551 925 3606 die
963 3552 1233 3607 bemelten
1270 3554 1392 3607 redt
1427 3554 1538 3608 und
1576 3554 1977 3607 commissarien
2014 3551 2122 3607 alle
2159 3553 2275 3607 bew
2311 3553 2423 3606 und
2461 3552 2767 3623 festungen,
2808 3569 2867 3605 30
2897 3551 2991 3606 1110

625 3640 1025 3695 widdcrteuffer
1059 3658 1154 3695 vor
1190 3641 1301 3695 und
1337 3642 1393 3695 in
1432 3641 1527 3695 der
1563 3641 1897 3711 belegcrung
1933 3642 2182 3695 Munster
2217 3640 2512 3711 uffgcricht
2557 3642 2669 3695 und
2707 3640 2991 3712 gemaicht

625 3729 821 3795 haben,
860 3729 1155 3783 furderlich
1190 3729 1304 3783 und
1341 3729 1422 3784 als
1459 3728 1616 3783 baldt
1652 3747 1744 3799 ym
1783 3729 1985 3799 grundt
2022 3729 2395 3784 abzubrechen
2432 3730 2543 3784 und
2579 3729 2855 3784 abzuthuu
2896 3728 2989 3783 bei

623 3817 750 3872 dem
788 3819 1204 3884 confirmierten,
1242 3819 1350 3872 irer
1386 3817 1425 3873 f.
1463 3836 1515 3888 g.
1555 3817 2003 3887 thumbcapittel,
2040 3817 2363 3872 ritterscafft
2397 3818 2511 3872 und
2546 3817 2827 3873 lantscafft
2865 3834 2989 3872 ver-

626 3906 826 3976 fuegen
881 3907 992 3961 und
1027 3906 1370 3961 verscaffen.“
1447 3907 1552 3960 Die
1594 3907 1652 3960 in
1692 3907 1901 3961 Worms
1956 3909 2297 3961 vertretenen
2335 3906 2718 3961 Reichsstadte
2770 3908 2989 3960 setzten

624 3993 830 4048 diesem
853 3994 1065 4049 Artikel
1103 3995 1206 4049 den
1244 3994 1544 4049 scharfsten
1574 3994 1958 4065 Widerspruch
1994 3998 2282 4065 entgegen,
2318 3995 2432 4048 und
2455 3995 2537 4049 als
2563 3994 2805 4049 derselbe
2842 3994 2991 4049 nach

625 4082 827 4152 langen
868 4082 1325 4153 Verhandlungen
1363 4084 1559 4138 ebenso
1593 4086 1697 4138 wie
1734 4083 1831 4138 der
1866 4084 1965 4138 auf
1997 4083 2084 4137 die
2120 4082 2375 4153 Religion
2418 4083 2735 4153 beziigliche
2770 4082 2989 4138 Artikel

629 4186 1017 4240 angenommen
1070 4172 1241 4240 ward,
1297 4177 1585 4242 versagten
1621 4174 1701 4227 sie
1756 4172 1845 4227 die
1880 4171 2358 4241 Unterzeichnung
2414 4171 2508 4226 des
2558 4177 2837 4241 gesamten
2874 4171 2988 4227 Ab-

623 4257 870 4313 schiedes
909 4259 1018 4313 und
1054 4260 1393 4330 vereinigten
1430 4260 1544 4314 sich
1582 4277 1650 4314 zu
1678 4260 1855 4315 einem
1877 4259 2128 4314 Proteste
2166 4276 2341 4329 gegen
2368 4259 2515 4313 diese
2539 4259 2987 4329 Abmachungen.

842 4346 885 4413 ²)
930 4388 976 4411 „.
1000 4387 1011 4402 .
1034 4386 1047 4401 .
1085 4346 1227 4414 rath,
1268 4347 1481 4416 gericht
1516 4347 1628 4402 und
1665 4348 1835 4403 ander
1870 4353 2078 4418 emptcr
2114 4348 2366 4402 besetzen
2407 4387 2419 4400 .
2444 4388 2455 4399 .
2477 4388 2490 4401 .
