3259 5075
1211 246 1395 313 Anno
1447 248 1620 313 1534
1664 248 1822 312 acta.
2556 247 2693 314 485

333 423 579 508 passim
621 444 736 507 per
778 424 1024 507 plateas
1070 422 1446 506 deriderent,
1508 424 1695 507 „Vae,
1743 442 1873 506 vae,
1922 442 2035 489 vae
2080 421 2320 505 vobi8,“
2370 422 2690 506 inquiunt,

341 550 514 614 „vae‚
563 549 675 595 vae
720 530 928 613 vobis,
1001 529 1114 615 qui
1158 550 1270 595 nos
1317 530 1534 595 divino
1595 529 1830 613 spiritu
1873 529 2143 613 agitatos
2206 527 2534 611 deridetis,
2582 529 2694 614 qui

338 637 636 703 salutaris
682 636 1105 720 poenitentiae
1134 655 1351 702 vocem
1395 655 1524 701 non
1569 635 1936 719 admittitis,
1985 634 2098 719 qui
2139 634 2359 701 foedus
2405 637 2693 700 nostrum

337 742 772 826 contemnitis;
845 743 1015 827 agite
1059 742 1535 827 poenitentiam,
1587 741 1957 825 resipiscite,
2006 761 2083 808 ne
2130 740 2439 806 ultionem
2482 741 2692 807 Patris

338 849 626 915 coelestis
671 849 743 913 iu
788 869 897 915 vos
943 849 1366 932 provocetis!“
1432 848 1588 913 Inde
1636 867 1785 913 cum
1829 847 1909 913 ad
1953 847 2162 914 forum
2207 850 2691 931 reverberentur,

338 954 433 1021 ibi
478 955 550 1020 in
580 955 778 1021 totius
823 955 1049 1040 populi
1094 955 1435 1038 conspectu
1481 974 1554 1019 ex
1585 954 1880 1021 omnibus
1925 955 2055 1020 fere
2100 954 2350 1038 angulis
2392 954 2570 1020 urbis
2601 953 2695 1020 rei

339 1063 621 1127 novitate
665 1063 868 1127 coacti
912 1062 981 1127 in
1026 1064 1284 1127 mutuos
1330 1062 1653 1145 amplexus
1712 1062 2057 1146 mutuaque
2103 1062 2316 1127 oscula
2357 1063 2689 1145 proruunt.

338 1167 500 1233 Cum
545 1170 759 1233 autem
825 1168 1004 1233 furor
1048 1168 1396 1233 desaeviret
1441 1170 1506 1233 et
1547 1168 1823 1251 pristina
1879 1168 2111 1233 mentis
2156 1167 2490 1253 integritas
2536 1186 2693 1249 pau-

337 1274 523 1340 latim
566 1275 698 1340 illis
768 1275 1032 1357 rediret,
1105 1274 1414 1358 Georgius
1464 1275 1823 1357 MontanuS,
1895 1274 2259 1356 sarcinator,
2330 1273 2513 1339 cuius
2558 1273 2696 1338 filia

335 1381 527 1465 paulo
575 1383 721 1447 ante
752 1381 1121 1447 concionata
1165 1380 1391 1463 fuerat,
1442 1400 1602 1446 novo
1637 1380 1846 1447 furore
1892 1380 2145 1446 afflatus
2192 1380 2433 1446 abiecto
2464 1379 2691 1463 capitis

334 1488 615 1572 tegmine
658 1489 1013 1573 palmisque
1059 1489 1128 1553 in
1159 1488 1408 1554 coelum
1453 1487 1802 1553 sublevatis
1849 1487 2143 1553 continuo
2176 1486 2468 1552 accurrit.
2531 1486 2692 1569 „Su-

336 1595 583 1679 spicite,
648 1595 774 1660 viri
831 1596 1077 1678 fratres,
1155 1594 1461 1678 suspicite
1506 1594 1840 1677 capitaque
1885 1595 2094 1660 vestra
2136 1612 2305 1659 nunc
2350 1591 2687 1676 attollite,“

337 1700 588 1783 clamat,
642 1702 889 1784 „Deum
917 1700 1262 1784 gloriosum
1295 1701 1362 1767 in
1393 1701 1674 1766 nubibus
1705 1700 1865 1765 coeli
1897 1702 2328 1766 coruscantem
2359 1699 2692 1765 vexillum-

337 1827 459 1891 que
503 1808 804 1874 victoriae
851 1809 1069 1875 dextra
1111 1808 1440 1875 ferientem
1488 1808 1696 1873 video!
1775 1806 1904 1872 Vae
1949 1806 2127 1872 vobis
2173 1805 2417 1889 impiis,
2466 1805 2579 1889 qui
2624 1806 2693 1870 in

337 1915 503 1980 malo
551 1914 902 1999 pertinaces
935 1916 1115 1981 estis!
1180 1915 1578 2000 Resipiscite,
1627 1911 2006 1998 resipiscite!
2076 1913 2333 1978 Patrem
2361 1912 2692 1978 coelestem

337 2039 483 2086 cum
514 2021 737 2087 multis
783 2022 1151 2105 angelorum
1180 2022 1469 2086 millibus
1502 2020 1643 2086 dira
1671 2020 1850 2085 vobis
1895 2019 2299 2084 minitantem
2327 2019 2396 2083 in
2429 2017 2693 2084 sublimi

334 2127 672 2210 conspicio.
721 2128 864 2211 Vae,
896 2148 1010 2193 vae
1040 2128 1221 2193 vobis
1252 2127 1497 2212 impiis!
1542 2127 1733 2211 Agite
1765 2125 2235 2210 poenitentiam,
2272 2126 2441 2210 agite
2471 2125 2690 2207 poeni-

337 2233 632 2299 tentiam!
726 2235 875 2300 Dies
922 2234 1033 2300 1110
1078 2234 1338 2302 Domini
1391 2253 1661 2319 magnus
1708 2237 1773 2299 et
1816 2232 2124 2299 terribilis
2170 2232 2364 2298 adest.
2441 2231 2690 2315 Resipi-

336 2340 512 2422 scite,
543 2338 963 2424 *resipiscite!
1010 2341 1319 2407 Aeternae
1351 2341 1773 2407 damnationis
1820 2360 2022 2424 poena
2052 2341 2115 2404 et
2146 2339 2464 2405 cruciatus
2509 2339 2687 2404 nullo
2715 2347 2743 2378 ⁸
2799 2389 2812 2405 .

334 2448 617 2530 tempore
662 2448 976 2513 finiendus
1012 2468 1124 2514 vos
1170 2450 1401 2531 manet,
1450 2448 1564 2531 qui
1609 2447 1939 2513 Christum
1983 2466 2055 2512 ex
2101 2447 2301 2511 Maria
2345 2445 2689 2511 humanam

338 2573 590 2620 carnem
665 2556 1079 2639 assumpsisse
1156 2555 1412 2620 creditis
1432 2556 1475 2620 ¹.
1567 2554 1968 2638 Resipiscite,
2037 2552 2423 2636 resipiscite!
2516 2553 2687 2619 Deus

334 2660 595 2726 iamiam
639 2664 1024 2745 purgaturus
1058 2663 1156 2727 est
1190 2680 1399 2726 aream
1446 2680 1626 2726 suam
1660 2662 1726 2726 et
1768 2662 1978 2744 paleas
2021 2658 2498 2743 inextinguibili
2543 2658 2689 2742 igne

337 2771 571 2833 exuret.
638 2767 830 2852 Agite
873 2768 1345 2851 poenitentiam,
1380 2773 1444 2833 et
1474 2766 1530 2833 si
1562 2766 1843 2831 divinam
1886 2766 2195 2831 ultionem
2223 2765 2424 2830 vitare
2453 2764 2685 2848 velitis,

339 2874 764 2940 characterem
807 2874 1075 2940 foederis
1108 2873 1310 2939 nostri
1355 2874 1612 2939 sumite!
1626 2876 1658 2908 “
1728 2872 1973 2953 Quibus
2018 2871 2302 2955 gestibus
2347 2871 2503 2935 haec
2532 2870 2687 2935 alia-

332 2999 457 3063 que
503 2980 708 3045 multa
750 2979 1252 3063 proclamaverit,
1316 2979 1447 3044 dici
1491 2978 1596 3043 vix
1640 2980 1881 3062 potest3
1948 2997 2117 3042 nunc
2162 2976 2332 3042 enim
2379 2975 2540 3041 saxis
2586 2976 2689 3041 in-

334 3086 539 3152 sultat
582 3105 840 3171 seseque
872 3087 1042 3151 saltu
1087 3086 1268 3170 quasi
1312 3086 1639 3152 volaturus
1685 3085 1867 3150 effert
1895 3087 1959 3149 et
2000 3082 2233 3167 palmis
2279 3082 2461 3148 elatis
2506 3082 2689 3166 plau-

338 3192 452 3273 dit,
502 3212 671 3257 nunc
703 3196 898 3276 caput
938 3192 1258 3276 frequenti
1291 3193 1503 3258 rotatu
1534 3191 1836 3274 concutit,
1884 3209 2055 3255 nunc
2086 3189 2298 3254 oculos
2328 3188 2405 3254 ad
2441 3187 2689 3255 coelum

332 3299 598 3381 attollit,
649 3318 817 3364 1111110
865 3299 1187 3383 deprimit,
1236 3317 1404 3364 nunc
1451 3298 1647 3381 luget,
1696 3315 1866 3362 1111110
1909 3296 2094 3375 humi
2139 3295 2208 3361 in
2238 3295 2440 3362 forma
2484 3294 2688 3361 crucis

336 3405 701 3489 procumbit
747 3405 811 3470 et
855 3404 924 3469 in
970 3424 1156 3471 caeno
1205 3424 1337 3470 sese
1380 3404 1664 3485 volutat3
1734 3403 1811 3467 ut
1854 3402 2072 3486 paucis
2120 3402 2345 3485 dicam,
2417 3401 2687 3485 singulis

335 3512 597 3577 vocibus
644 3512 872 3577 habitu
919 3512 1197 3596 corporis
1246 3512 1347 3577 sui
1392 3508 1676 3576 inservit.
1735 3509 1895 3575 Cum
1942 3509 2153 3574 autem
2198 3527 2332 3591 nos,
2380 3508 2690 3593 quotquot

330 3619 666 3686 aderamus
711 3619 1016 3684 iuvenum
1074 3638 1266 3701 more,
1335 3616 1606 3683 insuetis
1652 3614 2208 3683 vociferationibus
2267 3613 2690 3699 obstupefacti

331 3727 584 3792 coelum
629 3725 1004 3810 diligentius
1048 3726 1459 3807 intueremur,
1512 3722 1681 3788 nihil
1725 3742 1959 3805 eorum,
2009 3740 2167 3806 quae
2212 3720 2470 3787 retincti
2512 3719 2689 3785 vide-

333 3833 509 3914 rant,
579 3852 694 3897 nec
739 3832 932 3898 aliam
991 3851 1181 3918 quam
1237 3832 1542 3898 usitatam
1590 3829 1751 3896 coeli
1814 3828 2041 3895 faciem
2105 3826 2685 3893 animadvertimus.

332 3938 557 4022 Itaque
601 3937 683 4003 ad
727 3938 1123 4023 voluptatem
1168 3938 1540 4021 corybantes
1585 3936 1701 4002 isti
1746 3955 1782 4001 a
1816 3936 2203 4001 circumfusa
2245 3934 2575 3999 iuventute
2618 3932 2690 3997 iu

550 4152 593 4220 ¹)
629 4151 823 4207 Dieser
858 4151 1069 4207 Glaube
1105 4168 1218 4206 war
1250 4150 1339 4205 bei
1377 4150 1483 4204 den
1520 4147 1956 4204 Wiedertaufern
1993 4146 2304 4201 verworfen.
2376 4141 2562 4213 Vergl.
2600 4140 2690 4197 die

338 4240 782 4308 „Mi‘msterschen
818 4239 1065 4295 AstikeF
1125 4239 1235 4307 (bei
1280 4239 1464 4294 Keras.
1502 4238 1642 4293 oben
1698 4238 1754 4292 S.
1789 4235 1898 4292 450
1950 4236 2052 4290 Nr.
2089 4236 2174 4306 12,
2229 4235 2306 4289 im
2360 4230 2691 4288 Gesffindnis

331 4329 370 4384 J
372 4328 557 4385 akob’s
588 4346 694 4384 von
719 4329 1051 4399 Osnabriick,
1090 4328 1177 4383 bei
1213 4328 1269 4383 J.
1295 4326 1596 4383 Cochlaeus
1635 4326 1746 4381 und
1782 4327 1859 4380 im
1898 4324 2096 4395 „Eide“
2138 4341 2188 4380 a.
2208 4340 2259 4381 a.
2279 4322 2344 4379 Ο.
2378 4321 2478 4378 Nr.
2505 4320 2617 4390 10).
