3259 5075
626 261 756 325 394
1487 261 1673 325 Anno
1732 260 1895 325 1533
1941 262 2097 325 acta.

352 455 421 496 so.
448 450 601 497 mn.
631 436 799 500 diem
846 437 948 501 20.
998 435 1236 519 Martii,
1309 455 1468 519 quae
1513 436 1641 502 fuit
1686 437 1843 501 feria
1888 438 2109 520 quinta
2154 439 2298 520 post
2341 435 2720 502 dominicam
2764 436 2987 519 Oculi,

624 545 969 609 convocant
1036 543 1369 626 locumque
1430 545 1765 610 conventui
1834 546 2158 610 tabernam
2223 544 2538 628 quandam
2582 544 2991 610 meritoriam

625 651 792 715 inter
855 650 1307 715 Monasterium
1355 651 1419 715 et
1463 650 1879 716 Coesfeldiam
1940 650 2300 736 designant,
2373 670 2563 735 quam
2608 651 2686 715 ab
2730 650 2996 715 incerta

626 757 1065 841 appellationis
1111 756 1351 841 origine
1397 758 1544 823 thor
1573 758 1758 824 Wort
1804 762 2193 842 nuncupant.
2266 758 2403 838 Quo
2448 758 2980 823 Monasterienses

625 884 750 930 non
796 867 929 929 tam
975 864 1195 947 pisceS,
1245 883 1432 948 quam
1481 864 1713 930 diversi
1761 866 2007 949 generis
2053 885 2269 931 carnes
2316 868 2380 930 et
2411 863 2560 929 vina
2603 883 2817 929 secum
2861 862 2991 927 de-

624 971 854 1037 ferunt.
922 971 1167 1054 Religio
1222 971 1391 1036 enim
1437 972 1594 1054 ipsis
1641 972 1768 1037 fuit
1813 974 2016 1038 avitae
2063 973 2356 1037 ecclesiae
2399 972 2677 1056 exemplo
2724 971 2985 1035 dierum

573 1142 576 1145 .
625 1097 697 1143 ac
729 1077 1014 1143 ciborum
1059 1077 1398 1142 discrimen
1427 1077 1647 1159 facere,
1697 1098 1841 1143 cum
1876 1098 1999 1145 non
2045 1078 2361 1144 libertatis
2400 1077 2809 1161 evangelicae,
2862 1075 2988 1142 sed

625 1183 905 1267 angusti,
953 1182 1081 1248 imo
1128 1183 1554 1266 superstitiosi
1601 1185 1667 1249 et
1711 1185 1922 1250 minus
1970 1185 2094 1250 sibi
2140 1185 2512 1250 confidentis
2559 1184 2754 1249 animi
2800 1183 2987 1247 iudi-

626 1290 797 1355 cium
829 1308 959 1355 esse
1007 1289 1290 1355 indicent
1334 1291 1521 1356 certis
1569 1290 1791 1356 diebus
1838 1293 1916 1356 ab
1948 1311 2059 1356 esu
2092 1292 2377 1357 carnium
2426 1292 2550 1355 sibi
2600 1294 2983 1375 temperare.

624 1397 878 1462 Malunt
906 1397 1118 1481 itaque
1164 1398 1584 1481 praeceptoris
1617 1399 1720 1463 sui
1752 1399 2100 1464 calcaribus
2131 1398 2430 1464 concitati
2476 1398 2770 1463 lasciviae
2800 1417 2992 1463 cam-

624 1523 739 1587 pos
785 1522 1131 1587 peragrare,
1202 1522 1391 1586 quam
1437 1503 1924 1569 orthodoxorum
1992 1506 2247 1588 patrum
2309 1504 2505 1569 frenis
2567 1503 2736 1569 inter
2794 1505 2995 1586 septa

625 1609 1048 1674 continentiae
1078 1609 1365 1675 coerceri.
1425 1610 1568 1674 Huc
1599 1609 1713 1675 ubi
1745 1610 2180 1675 convenissent
2208 1613 2273 1677 et
2305 1612 2569 1676 Ioannes
2599 1609 2907 1694 Wyckius
2930 1613 2978 1692 ¹,

497 1746 508 1752 ·
626 1715 843 1782 doctor
882 1734 953 1780 ac
985 1714 1302 1799 syndicuS,
1353 1716 1465 1799 qui
1510 1735 1657 1781 cum
1701 1717 2061 1782 Hermanno
2090 1717 2422 1800 Tylbecke,
2473 1716 2744 1798 consule,
2794 1716 2987 1782 aliis-

625 1841 747 1906 que
778 1841 816 1886 a
844 1823 1067 1887 senat-u
1097 1822 1254 1887 viris
1299 1821 1611 1905 legatione
1656 1822 2055 1906 fungebatur,
2107 1822 2304 1888 totius
2336 1823 2720 1908 reipublicae
2751 1824 2986 1888 Mona-

628 1928 946 1994 steriensis
978 1928 1230 1994 nomine
1261 1927 1635 2011 oppidorum
1668 1928 1906 2012 legatos
1939 1928 2275 1994 salutasset
2304 1929 2527 2012 iisque,
2560 1930 2727 2014 quod
2761 1948 2983 1994 secum

627 2034 849 2119 agendi
884 2035 1127 2119 copiam
1165 2034 1445 2116 fecerint,
1495 2036 1732 2118 gratias
1763 2035 1997 2119 egisset
2041 2036 2355 2120 simulque
2387 2037 2599 2102 omnia
2631 2035 2981 2120 tranquilla

626 2142 696 2207 in
742 2144 1153 2226 augmentum
1221 2160 1477 2206 suarum
1542 2142 2153 2225 rerumpublicarum
2214 2145 2503 2226 precatus
2565 2142 2818 2225 fuisset,
2880 2142 2987 2207 sic

627 2249 876 2315 orditur
894 2251 945 2313 ²:

341 2366 448 2440 *μ
480 2366 605 2423 357.
844 2354 1020 2438 *„Ita
1062 2353 1410 2438 praesentis
1454 2354 1758 2439 temporis
1804 2357 1869 2420 et
1897 2356 2064 2420 vitae
2104 2374 2325 2420 cursus
2372 2356 2629 2422 incertis
2672 2355 2983 2440 periculis

627 2465 814 2548 atque
845 2462 1084 2527 eventis
1116 2461 1477 2544 involvitur,
1517 2460 1612 2526 ita
1642 2462 1971 2527 hominum
2002 2462 2131 2528 doli
2163 2482 2233 2527 ac
2264 2462 2701 2528 fraudulentae
2731 2462 2983 2528 machi-

628 2570 912 2637 nationes
982 2569 1409 2651 efflorescunt,
1472 2568 1565 2634 ita
1608 2569 2039 2653 malignitates
2086 2569 2481 2653 quorundam
2539 2570 2975 2651 effervescunt,

628 2679 704 2743 ut
747 2678 1073 2761 praetextu
1118 2675 1461 2758 amicitiae,
1533 2676 1764 2741 favoris
1810 2680 1874 2742 et
1904 2676 2386 2743 ‘benevolentiae
2445 2677 2733 2742 civitates
2781 2676 2983 2741 huius

629 2783 927 2849 dioecesis
968 2802 1182 2848 omnes
1230 2782 1498 2848 sublatis
1541 2782 1968 2865 libertatibuS,
2016 2783 2550 2865 immunitatibuS,
2600 2781 2974 2866 privilegiiS,

628 2890 910 2955 moribus
955 2888 1235 2972 antiquis
1266 2891 1454 2972 atque
1486 2888 1751 2954 salutari
1795 2889 2115 2972 proposito
2160 2888 2519 2972 praepedito
2564 2908 2808 2954 eversas
2840 2907 2981 2954 esse

628 2997 906 3080 cupiant.
1001 2996 1120 3060 His
1168 2997 1380 3060 autem
1424 2994 1609 3060 malis
1668 2995 1932 3060 maiores
1978 2996 2180 3061 nostri
2225 2996 2544 3060 communi
2604 2996 2773 3061 inter
2816 2994 2976 3060 civi-

627 3105 791 3168 tates
837 3103 1085 3168 firmato
1132 3101 1376 3167 foedere
1392 3103 1419 3143 ⁸
1464 3103 1887 3167 occurrerunt.
1956 3100 2136 3181 Quod
2182 3101 2238 3166 si
2284 3104 2416 3166 tam
2463 3106 2675 3168 sancte
2719 3105 2982 3185 tamque

627 3209 918 3293 religiose
987 3210 1066 3273 ab
1114 3208 1363 3292 oppidis
1433 3207 1699 3273 foederis
1769 3207 2192 3289 consortibus,
2266 3228 2455 3291 quam
2503 3209 2580 3273 ab
2650 3208 2983 3292 republica

628 3316 1112 3381 Monasteriensi
1157 3316 1473 3380 servatum
1520 3313 1762 3396 fuisset,
1811 3313 2034 3378 multis
2080 3314 2512 3396 incommodis,
2562 3315 2870 3380 molestiis
2911 3317 2983 3379 et

628 3422 1156 3506 oppressionibuS,
1225 3422 1453 3504 quibus
1500 3420 1874 3505 oppidorum
1921 3421 2064 3486 iura
2106 3421 2409 3486 hactenus
2457 3422 2755 3487 convulsa
2802 3423 2971 3503 sunt,

627 3527 1000 3593 iamdudum
1044 3528 1150 3593 via
1192 3527 1420 3593 fuisset
1477 3527 1820 3610 praeclusa.
1914 3526 2074 3592 Cum
2119 3547 2263 3592 vero
2311 3527 2535 3593 civitas
2600 3527 2979 3593 Monasteri·

846 3741 888 3808 ¹)
924 3740 1116 3795 Dicser
1150 3757 1262 3795 war
1317 3739 1458 3794 nach
1499 3740 1783 3810 l4tagiger
1816 3739 2197 3794 Abwesenheit
2247 3741 2325 3794 im
2358 3739 2521 3810 Haag
2575 3757 2663 3794 am
2702 3742 2786 3795 12.
2823 3740 2978 3793 Mara

626 3829 826 3886 wieder
860 3829 1001 3883 nach
1024 3830 1272 3884 Miinster
1309 3828 1751 3899 zuriickgekehrt.
1801 3828 1929 3898 Vgl.
1966 3828 2064 3883 das
2102 3828 2393 3883 Schreiben
2431 3845 2480 3884 v.
2507 3828 2559 3881 d.
2586 3828 2818 3884 Wieck‘s
2853 3845 2973 3882 vom

626 3920 715 3975 23.
752 3918 901 3972 Marz
940 3935 1009 3972 an
1047 3917 1150 3972 den
1188 3918 1298 3972 Rat
1331 3935 1434 3972 von
1470 3918 1719 3986 Bremen,
1756 3917 2094 3987 abgedruckt
2127 3919 2200 3971 im
2244 3917 2622 3983 „Bremischen
2659 3918 2695 3972 J
2698 3916 2968 3973 ahrbnch‘

627 4008 680 4063 2.
719 4007 869 4062 Serie
911 4006 1012 4062 Bd.
1056 4011 1080 4060 l
1121 4007 1375 4075 (Bromen
1420 4006 1580 4074 1885)
1618 4006 1676 4061 S.
1716 4006 1818 4061 140
1835 4007 1873 4062 f.

843 4095 886 4163 Ξ)
923 4095 1086 4150 Diese
1123 4094 1581 4165 Verbandlungen
1619 4094 1716 4148 der
1751 4095 1945 4150 Stadte
1995 4094 2115 4149 sind
2152 4111 2255 4149 nur
2291 4094 2463 4149 durch
2499 4094 2679 4151 Kerss.
2718 4095 2979 4150 bekannt.

628 4184 737 4238 Zur
771 4183 945 4238 Sache
980 4184 1089 4255 vgl.
1127 4184 1187 4240 C.
1223 4184 1289 4240 A.
1327 4183 1713 4239 Cornelius:
1753 4184 1827 4240 M.
1864 4183 1928 4238 A.
1965 4182 2045 4239 ΙΙ.
2084 4183 2139 4238 S.
2181 4184 2282 4237 176
2301 4184 2357 4238 ff.

843 4273 888 4343 ⁸)
923 4274 1103 4329 Ueber
1138 4274 1353 4329 friihere
1389 4273 1696 4328 Biindnisso
1732 4278 1893 4329 unter
1929 4273 2031 4327 den
2059 4272 2288 4328 Stadten
2327 4273 2421 4328 des
2447 4273 2639 4328 Stiftes
2676 4274 2785 4344 vgl.
2811 4272 2910 4328 Bd.
2938 4274 2969 4327 l

627 4361 684 4418 S.
721 4361 827 4416 294
861 4362 1019 4416 Anm.
1063 4366 1105 4414 1.
