3259 5075
1165 260 1348 326 Anno
1401 260 1571 327 1535
1618 261 1774 326 acta.
2512 260 2644 327 853

290 438 551 503 civitate
599 438 982 503 donaturum
1042 440 1328 523 bonaque
1373 439 1510 504 eius
1556 459 1593 504 a
1638 437 2065 522 publicatione
2112 438 2300 520 atque
2345 437 2646 502 confisca-

286 545 462 609 tione
507 546 651 609 tuta
695 547 1231 610 conservaturum.
1319 545 1419 609 Ad
1466 564 1626 627 quae
1672 543 2016 609 Catharina
2058 543 2373 608 Hobbels:
2424 544 2496 624 si,
2547 544 2647 607 in-

287 652 449 734 quit,
499 652 812 734 promissa
855 652 1040 717 firma
1085 651 1210 716 sibi
1255 651 1475 716 futura
1518 652 1857 733 intelligat,
1909 670 1972 714 se
2018 649 2465 714 Uberstenium
2513 650 2645 714 voti

290 760 642 840 compotem
705 746 1033 823 facturam.
1127 757 1335 823 *Hinc
1382 758 1528 823 data
1592 757 1719 822 sibi
1763 756 1888 821 fide
1935 755 2278 820 latibulum
2328 756 2645 839 Knipper-
2669 769 2767 840 Ἴ).
2807 770 2930 826 620.

289 863 558 947 dollingi
604 866 1072 946 commonstrat,
1123 865 1289 928 u‘nde
1321 864 1574 929 vinctus
1620 863 2019 947 protrahitur
2037 864 2078 926 ¹.
2128 861 2399 926 Maritus
2433 864 2645 927 antem

287 970 480 1034 huius
543 970 953 1034 mulierculae
1013 969 1140 1035 iam
1187 970 1590 1053 praegnantis
1639 988 1676 1033 a
1719 967 2036 1033 militibus
2085 967 2164 1030 ad
2212 967 2644 1032 coemiterium

287 1076 771 1140 Lambertinum
833 1078 1050 1158 raptus
1115 1076 1482 1158 decollatur,
1557 1075 1826 1140 feminae
1874 1094 2017 1139 vero
2064 1075 2128 1138 et
2173 1074 2353 1138 bonis
2402 1093 2475 1138 ex
2520 1074 2643 1139 fide

287 1182 591 1264 parcitur.

503 1287 701 1371 Capto
749 1288 1316 1371 Knipperdollingo
1364 1287 1825 1371 quinquaginta
1890 1286 2344 1370 propemodum
2401 1286 2641 1350 milites

287 1392 355 1456 in
405 1393 647 1457 curiam
715 1393 1167 1476 graphiariam,
1240 1393 1353 1457 ubi
1415 1393 1612 1457 totius
1676 1393 1805 1456 fere
1848 1393 2028 1457 urbis
2076 1411 2223 1473 opes
2285 1393 2641 1459 reconditae

286 1501 485 1579 erant,
535 1500 794 1563 irruunt
838 1502 1024 1582 atque
1070 1519 1222 1564 auro
1270 1501 1650 1583 argentoque
1697 1502 1829 1563 tam
1862 1500 2108 1581 signato
2155 1519 2345 1583 quam
2391 1520 2515 1564 non
2555 1501 2641 1565 si-

285 1607 476 1687 gnato
522 1608 727 1669 vestes
791 1624 936 1669 suas
985 1606 1137 1671 satis
1202 1607 1372 1671 laxas
1436 1606 1713 1670 farciunt
1759 1607 1822 1670 et
1868 1606 2144 1688 opplent.
2240 1606 2360 1670 Sed
2407 1606 2473 1670 in
2521 1606 2639 1671 1103

287 1710 458 1775 furto
506 1711 876 1794 deprehensi
941 1715 1178 1795 septem
1225 1733 1438 1777 eorum
1485 1712 1551 1776 in
1601 1732 1817 1794 campo
1865 1712 2178 1775 dominico
2226 1712 2634 1794 decollantur,

288 1816 517 1899 reliqui
565 1818 768 1882 exutis
818 1818 1111 1882 omnibus
1158 1820 1405 1899 praeter
1450 1816 1703 1882 indusia
1750 1818 2031 1882 vestibus
2079 1837 2190 1899 per
2234 1817 2403 1882 vicos
2451 1818 2636 1901 longo

284 1922 501 1986 ordine
571 1923 830 1988 funibus
901 1923 1155 2007 religati
1201 1924 1277 1988 ad
1341 1925 1589 2005 portam
1639 1923 1859 1987 Crucis
1928 1923 2389 2005 protrahuntur
2446 1942 2637 2007 eaque

286 2027 635 2110 ignominia
680 2030 888 2094 affecti
935 2031 1090 2094 urbe
1134 2030 1572 2113 profligantur.
1647 2031 1866 2094 Vestes
1914 2032 2125 2094 tamen
2171 2028 2320 2112 biga
2364 2028 2444 2092 ad
2491 2049 2637 2111 por-

285 2136 417 2198 tam
462 2138 674 2199 vectae
722 2136 852 2201 illis
899 2138 1327 2201 restituuntur
1349 2139 1386 2200 ².

497 2241 652 2305 Inde
687 2242 1024 2325 Stedingus
1075 2246 1177 2308 28.
1213 2243 1386 2308 Iunii
1433 2263 1577 2309 cum
1626 2242 2005 2326 octingentis
2053 2241 2313 2306 armatis
2358 2239 2634 2324 principi
2661 2254 2727 2294 28·
2758 2250 2895 2294 Juni-

281 2346 358 2411 ad
407 2349 631 2411 urbem
662 2351 913 2427 captam
944 2348 1274 2413 Woltbeca
1319 2349 1593 2414 venienti
1641 2347 2144 2432 gratulabundus
2193 2348 2442 2411 obviam
2489 2365 2633 2428 pro-

282 2453 450 2517 cedit
496 2454 756 2518 afferens
789 2453 890 2517 illi
936 2454 1255 2518 honorarii
1285 2458 1350 2519 et
1379 2456 1823 2520 manubiarum
1868 2454 2003 2520 loco
2035 2454 2274 2538 regiam
2321 2471 2629 2533 coronam,

281 2558 586 2642 gladium,
638 2561 905 2625 calcaria
951 2580 1135 2625 aurea
1182 2564 1246 2626 et
1291 2562 1494 2627 claves
1541 2563 1739 2627 urbis.
1817 2562 2118 2644 Princeps
2167 2562 2463 2626 restituta
2508 2559 2634 2625 sibi

282 2667 436 2729 urbe
483 2666 586 2730 vix
645 2667 933 2731 triduum
986 2670 1244 2750 propter
1311 2671 1549 2751 pestem
1596 2689 1669 2735 ex
1714 2668 1926 2733 inedia
1971 2671 2034 2733 et
2094 2668 2326 2733 foetore
2395 2668 2633 2750 passim

282 2770 740 2837 scintillantem
785 2773 853 2837 in
901 2793 973 2837 ea
1018 2773 1258 2856 haeret,
1332 2774 1439 2839 sed
1501 2795 1647 2840 cum
1714 2777 1956 2857 partem
2018 2774 2284 2856 praedae
2330 2793 2402 2837 ex
2449 2774 2630 2854 pacto

282 2878 408 2940 sibi
454 2878 732 2943 debitam
794 2879 1161 2962 accepisset,
1213 2882 1579 2946 constitutis
1626 2881 1907 2962 vicariis,
1959 2879 2069 2964 qui
2117 2900 2179 2945 se
2229 2881 2481 2944 absente
2529 2897 2631 2943 ra·

279 2983 519 3048 tionem
563 2985 738 3049 urbis
785 2986 1077 3067 habeant,
1126 2986 1456 3071 Iburgum,
1506 2990 1581 3052 ut
1625 2988 1865 3070 opinor,
1917 2986 2225 3052 concessit
2242 2987 2285 3050 3.

21 518 52 537 ’.Α

499 3179 540 3246 ¹)
578 3179 701 3249 Vgl.
740 3179 877 3233 dazu
931 3181 1018 3235 (113
1055 3180 1367 3250 Erzahlung
1421 3180 1514 3235 des
1552 3180 1699 3235 Joh.
1736 3179 2101 3234 Fabricius
2136 3177 2489 3232 Bolandns
2542 3177 2629 3233 Bl.

280 3265 373 3320 AA
397 3266 444 3332 7,
483 3266 622 3320 nach
649 3267 744 3321 der
779 3268 894 3322 sich
932 3269 1402 3338 Knipperdolling,
1442 3268 1717 3338 erschopft
1748 3285 1870 3322 vom
1894 3267 2142 3337 Kampfe,
2182 3266 2282 3320 auf
2313 3266 2436 3320 dem
2462 3266 2630 3336 Wege

279 3370 375 3407 zur
411 3355 612 3409 Flucht
649 3356 786 3410 doch
821 3358 962 3411 noch
1000 3375 1095 3411 zur
1118 3357 1405 3412 Riickkehr
1440 3358 1495 3411 in
1524 3357 1610 3411 (113
1638 3357 1801 3411 Stadt
1837 3355 2192 3410 entechliesst.
2231 3354 2304 3408 Er
2326 3354 2631 3409 verkriecht

279 3442 396 3497 sich
435 3445 492 3497 in
532 3446 618 3498 ein
655 3445 805 3500 Haus
845 3465 914 3500 an
951 3447 1047 3501 der
1082 3447 1510 3514 Martinikirche,
1547 3447 1681 3501 wird
1720 3449 1850 3501 aber
1886 3463 1988 3499 von
2026 3445 2175 3498 einer
2208 3444 2369 3510 Frau,
2409 3443 2497 3497 (113
2532 3443 2631 3497 11111

281 3531 510 3601 zufallig
547 3534 780 3602 geschen
810 3535 910 3588 hat
949 3536 1058 3602 (ihr
1093 3536 1269 3589 Name
1305 3535 1440 3589 wird
1475 3535 1630 3589 nieht
1666 3534 1948 3604 genannt),
1988 3533 2091 3586 (133
2117 3533 2357 3586 Feinden
2381 3535 2629 3586 verraten

279 3620 390 3673 und
427 3621 696 3690 gesangen
752 3639 1088 3692 genommen.
1161 3625 1341 3678 Ueber
1391 3624 1487 3677 das
1525 3622 1802 3677 Schicksal
1854 3622 1950 3675 der
1984 3621 2129 3675 Frau
2183 3620 2294 3674 und
2333 3620 2429 3675 das
2482 3620 2629 3674 111133

279 3708 506 3763 Manuos
544 3710 792 3764 erfahren
816 3712 915 3765 wir
950 3712 1069 3766 hier
1106 3714 1291 3766 weiter
1325 3712 1540 3766 Nichts.
1577 3737 1645 3749 —-
1684 3710 1912 3764 Kerss.’s
1949 3710 2394 3779 Datumsangabe
2430 3710 2505 3763 ist
2528 3724 2628 3763 un-

276 3797 498 3866 richtig.
572 3798 748 3852 831133
805 3816 890 3853 3111
930 3801 1014 3854 25.
1053 3801 1185 3854 Juni
1240 3800 1406 3869 fiigen
1445 3799 1650 3853 Wirich
1685 3816 1734 3853 v.
1772 3798 1971 3851 Dhaun
2026 3798 2139 3851 und
2187 3797 2275 3851 die
2311 3798 2629 3867 Kriegsrate

279 3885 454 3939 einem
504 3886 702 3941 kurzen
738 3888 994 3943 Berichte
1049 3891 1183 3944 iiber
1231 3888 1319 3943 (113
1355 3888 1672 3957 Eroberung
1706 3887 1979 3941 Miinsters
2035 3904 2104 3941 an
2142 3886 2245 3940 den
2282 3885 2628 3956 Landgrafen

275 3973 498 4044 Philipp
536 3977 691 4030 einen
730 3977 905 4031 Zettel
943 3979 1047 4045 bei,
1084 3979 1140 4032 in
1179 3978 1300 4032 dem
1340 3994 1395 4031 es
1432 3976 1601 4031 heisst
1641 3976 1813 4045 (Orig.
1850 3977 1926 4029 im
1963 3975 2135 4030 St.-A.
2171 3975 2478 4045 Marburg):
2522 3974 2627 4041 „Es

278 4064 351 4117 ist
405 4063 854 4135 Knippertulling
907 4066 1015 4119 uff
1064 4066 1236 4120 heut
1290 4063 1765 4134 ungeverlich
1819 4065 2187 4133 umbtrynt
2225 4066 2288 4116 11
2328 4079 2501 4117 uren
2553 4063 2628 4118 in

278 4153 471 4206 einer
506 4152 809 4208 heimnus
848 4154 1206 4224 gesunden,
1243 4154 1361 4209 lebt
1397 4153 1554 4207 noch.
1627 4152 1745 4207 Wir
1780 4152 1958 4206 haben
1994 4154 2084 4206 ine
2121 4150 2462 4221 furgehapt.“

492 4238 536 4310 2)
572 4242 676 4295 Die
714 4242 994 4312 sonstigcn
1032 4241 1260 4307 Quellen
1296 4241 1575 4296 berichten
1615 4240 1789 4295 davon
1826 4241 1879 4295 N
1882 4240 2041 4295 ich‘oe.

492 4328 536 4398 ⁸)
573 4330 835 4385 Dasselbe
872 4331 1077 4385 Datum
1131 4330 1220 4385 ffu-
1255 4331 1361 4385 den
1396 4332 1608 4401 Einzug
1659 4330 1754 4384 des
1791 4329 2041 4386 Bischofs
2077 4331 2135 4384 in
2171 4330 2418 4385 Mfinster
2471 4327 2629 4400 giebt
