3259 5075
377 672 475 744 *p.
511 672 634 728 486.

660 271 746 334 57
753 270 792 335 8
1520 268 1704 334 Anno
1757 268 1928 334 1534
1973 273 2130 333 acta.

660 445 864 510 nostri
911 444 1213 528 scriptam
1258 444 1439 510 nobis
1487 445 1565 509 ob
1614 444 1827 509 oculos
1873 464 2101 528 ponere
2147 445 2211 509 et
2255 444 2708 527 praefigurare,
2777 444 3020 509 nihilo-

661 551 872 616 minus
918 553 1159 632 tamen,
1230 570 1375 614 curn
1421 551 1590 615 Deus
1639 550 2030 632 omnipotens
2090 550 2322 633 populo
2371 568 2482 615 suo
2530 569 2765 615 novum
2808 550 3021 633 magi-

663 659 930 722 stratum
966 657 1305 721 clementer
1348 656 1667 738 tribuerit,
1716 659 1791 721 ut
1823 655 2344 740 *impoenitentes
2391 656 2554 721 nihil
2595 657 3020 722 excusationis

661 763 923 848 flagitiis
971 764 1103 828 suis
1149 765 1504 846 praetexere
1550 765 1785 846 queant
1830 766 1893 827 et
1939 762 2466 828 imbecillioribus
2512 782 2586 827 ac
2631 763 3021 847 negligenti-

663 871 811 952 buS‚
883 870 993 954 qui
1055 870 1215 934 forte
1275 870 1444 934 inter
1487 889 1599 934 003
1648 871 1826 952 sunt,
1897 869 2224 951 serviatur,
2294 869 2508 953 itaque
2576 888 2689 934 nos
2735 868 3020 934 seniores

661 977 884 1060 populi
916 997 1004 1059 ea,
1056 996 1213 1060 quae
1260 976 1574 1060 scriptura
1618 976 1842 1041 multis
1875 976 2083 1041 verbis
2131 976 2368 1059 passim
2414 975 2492 1039 ad
2537 978 2818 1040 nostram
2864 975 3020 1039 doc-

663 1083 896 1148 trinam
942 1083 1165 1164 tradit,
1238 1085 1312 1148 ut
1355 1082 1541 1147 homo
1589 1082 1808 1147 infelix
1852 1083 1920 1147 in
1968 1083 2140 1147 omni
2187 1102 2368 1165 opere
2415 1082 2578 1146 bono
2624 1080 3015 1164 perficiatur,

660 1189 732 1252 10
775 1188 1160 1272 praesidium
1204 1208 1398 1254 novae
1465 1188 1724 1271 politiae
1772 1185 1952 1271 quasi
1997 1189 2066 1253 10
2113 1189 2344 1253 tabella
2407 1188 2684 1253 breviter
2729 1207 3019 1269 compre-

662 1295 1007 1360 hendemus
1054 1298 1240 1379 atque
1287 1294 1574 1377 singuliS,
1609 1295 1701 1375 nt,
1751 1294 1907 1378 quid
1953 1294 2077 1359 sibi
2122 1295 2436 1378 agendum
2484 1294 2714 1377 quidve
2758 1294 3017 1377 fugien-

662 1401 817 1465 dum
862 1401 966 1482 sit,
1030 1402 1431 1481 cognoscant,
1503 1401 1581 1464 ob
1631 1401 1841 1464 oculos
1907 1419 2229 1482 ponemus,
2324 1400 2520 1465 Iustis
2583 1419 2706 1465 non
2755 1401 2853 1464 est
2912 1401 3015 1465 lex

662 1508 885 1590 posita,
959 1507 1068 1572 sed
1112 1506 1371 1572 iniustis
1419 1508 1481 1571 et
1526 1506 2033 1571 inobedientibus
2054 1509 2094 1570 ¹.
2191 1506 2293 1571 Sic
2339 1506 2531 1571 etiarn
2577 1506 3014 1590 magistratus,

662 1611 771 1696 qui
816 1612 1101 1696 gladium
1132 1611 1314 1694 gerit,
1363 1610 1431 1675 in
1464 1613 1765 1676 terrorem
1797 1612 2108 1676 malorum
2140 1612 2203 1675 et
2248 1611 2673 1677 defensionem
2699 1613 3018 1677 bonorum

660 1737 699 1782 a
741 1718 873 1783 Deo
936 1718 1367 1783 constituitur.
1458 1717 1733 1798 Legibus
1803 1737 1948 1800 ergo
1996 1719 2059 1782 et
2117 1720 2293 1783 metu
2339 1738 2554 1783 earum
2623 1718 2820 1783 soluti
2879 1738 3017 1783 0330

659 1825 938 1889 volentes
969 1825 1174 1889 Deum
1219 1825 1363 1887 ante
1411 1823 1623 1887 oculos
1672 1823 1946 1888 habeant
1991 1825 2053 1888 et
2100 1824 2311 1888 omnia
2356 1825 2652 1890 mandata
2697 1825 2832 1889 eius
2880 1843 3016 1889 ser-

660 1932 827 2012 vent,
877 1930 1046 1994 sicut
1088 1929 1258 1993 infra
1302 1949 1374 1994 ex
1421 1929 1738 2012 scriptura
1783 1949 1959 1994 sacra
2005 1929 2281 1994 breviter
2326 1932 2699 1996 annotatum
2744 1932 2857 1996 est.
2923 1930 3018 1995 Hi

661 2036 830 2118 apud
873 2037 1097 2117 Deum,
1147 2035 1317 2117 apud
1363 2035 1830 2118 magistratum,
1883 2035 2252 2100 ministrum
2296 2035 2453 2119 eius,
2503 2038 2566 2100 et
2613 2056 2826 2101 omnes
2873 2035 3017 2119 pios

659 2142 929 2224 laudem,
979 2141 1245 2225 gloriam
1278 2141 1342 2204 et
1371 2140 1673 2204 honorem
1705 2142 2166 2224 consequentur
2196 2143 2258 2204 et
2288 2141 2544 2206 tandem
2579 2141 2779 2206 vitam
2809 2144 3017 2206 aeter-

660 2267 807 2312 nam
853 2247 978 2312 sibi
1022 2248 1461 2312 lucrabuntur.
1538 2247 1730 2330 DeuS,
1789 2250 1972 2331 pater
2018 2247 2259 2312 domini
2305 2247 2507 2312 nostri
2554 2247 2700 2312 Iesu
2745 2246 3013 2329 Christi,

659 2355 849 2419 donet
908 2355 1090 2418 nobis
1152 2373 1298 2417 cum
1359 2353 1651 2418 omnibus
1720 2354 2120 2419 credentibus
2189 2353 2558 2418 huiusmodi
2617 2354 2901 2418 animum
2949 2356 3019 2418 et

661 2460 977 2545 spiritum.
1071 2458 1306 2523 Arnen!

871 2566 1014 2631 Non
1044 2566 1110 2630 in
1143 2585 1427 2631 sermone
1473 2586 1739 2650 regnum
1768 2567 1886 2632 Dei
1918 2569 2030 2649 est,
2082 2567 2190 2632 sed
2229 2566 2298 2631 in
2329 2565 2567 2632 virtute
2615 2587 2726 2632 300
2757 2568 2945 2633 factis
2966 2569 3010 2632 ².

657 2672 798 2737 Non
831 2692 1063 2755 010003,
1108 2673 1219 2757 qui
1252 2673 1501 2738 dicunt:
1558 2674 1881 2755 „Domine,
1918 2673 2246 2755 Domine,“
2282 2673 2615 2738 intrabunt
2646 2674 2715 2737 10
2746 2692 3017 2757 regnum

657 2778 993 2861 coelorum,
1044 2778 1153 2844 sed
1198 2780 1309 2862 qui
1355 2779 1599 2845 faciunt
1643 2779 2036 2845 voluntatem
2081 2779 2291 2845 Patris
2338 2779 2481 2861 mei,
2545 2780 2658 2863 qui
2703 2780 2773 2844 in
2818 2781 3012 2846 coelis

657 2887 755 2950 est
772 2886 815 2949 ³.
877 2886 1047 2950 Haec
1079 2887 1175 2949 est
1220 2886 1509 2950 voluntas
1540 2886 1678 2967 Dei,
1728 2885 2142 2951 sanctificatio
2189 2888 2420 2967 nostra,
2470 2889 2543 2950 ut
2574 2886 3012 2970 unusquisque

657 2992 817 3057 sciat
862 3010 969 3056 vas
1017 3010 1205 3057 suum
1250 2991 1567 3074 possidere
1611 2991 1682 3056 in
1730 2993 2064 3057 sanctitate
2111 2995 2174 3057 et
2218 2992 2478 3074 honore,
2550 3012 2676 3057 non
2721 3011 2868 3058 cum
2914 2993 3013 3058 af-

656 3099 827 3163 fectu
872 3098 1438 3182 concupiscentiae,
1516 3099 2044 3183 quemadmodum
2091 3101 2155 3166 et
2199 3101 2445 3183 genteS,
2519 3117 2677 3182 quae
2724 3118 2849 3164 non
2896 3119 3013 3164 no-

655 3205 884 3268 verunt
927 3205 1134 3268 Deum
1150 3207 1196 3270 ⁴.
1260 3205 1617 3289 Diligamus
1665 3225 1864 3290 neque
1896 3207 2086 3271 verbo
2132 3225 2333 3289 neque
2379 3205 2618 3287 lingua,
2667 3205 2775 3269 sed
2821 3206 3012 3271 factis

657 3310 723 3373 et
766 3308 1029 3374 veritate
1048 3310 1092 3375 ⁵.
1187 3308 1349 3374 Cum
1395 3329 1541 3393 ergo
1600 3329 1869 3394 regnum
1913 3312 2032 3376 Dei
2078 3311 2146 3376 in
2192 3330 2262 3376 eo
2309 3310 2629 3392 consistit,
2702 3313 2777 3375 ut
2821 3311 3012 3377 factis

656 3415 722 3479 et
764 3432 837 3478 ex
882 3417 1017 3479 tota
1079 3417 1286 3480 mente
1333 3416 1727 3481 voluntatem
1795 3416 1973 3481 illius
2040 3415 2418 3498 impleamus
2475 3415 2540 3480 et
2583 3417 2739 3479 tunc
2807 3415 3012 3480 simus

654 3519 789 3585 veri
835 3520 956 3584 filii
1001 3521 1139 3603 Dei,
1188 3521 1410 3586 fratres
1443 3524 1507 3587 et
1552 3522 1922 3588 cohaeredes
1969 3522 2208 3587 Christi
2240 3522 2404 3603 Iesu,
2456 3519 2530 3602 si,
2579 3520 2749 3604 quod
2794 3521 3007 3603 iussit,

655 3626 842 3691 factis
888 3626 1412 3711 impresserimus,
1460 3648 1492 3693 e
1533 3628 1780 3693 diverso
1833 3647 2100 3711 regnum
2146 3626 2382 3692 diaboli
2429 3626 2499 3691 in
2543 3626 2644 3691 1113
2693 3625 3011 3708 consistit,

652 3732 905 3817 quando
951 3735 1207 3816 peccata
1250 3733 1709 3799 committimus
1756 3736 1821 3799 et
1850 3733 2242 3799 voluntatem
2285 3731 2465 3797 illius
2498 3733 2788 3815 facimuS,
2838 3733 3011 3816 quod

652 3840 876 3922 procul
906 3858 944 3903 a
972 3840 1153 3904 nobis
1200 3839 1394 3905 absit!
1474 3840 1542 3905 Si
1572 3842 1786 3905 autem
1830 3839 1953 3904 filii
1985 3838 2104 3904 Dei
2150 3839 2303 3903 facti
2349 3856 2568 3904 sumus
2613 3841 2677 3904 et
2721 3838 2789 3904 in
2822 3837 3017 3904 Chri-

653 3946 827 4009 stum
873 3945 1207 4027 baptizati,
1280 3964 1460 4010 omne
1507 3946 1836 4010 residuum
1892 3945 2133 4010 malum
2178 3944 2255 4007 de
2301 3944 2507 4008 medio
2554 3944 2754 4009 nostri
2803 3944 3015 4009 eradi-

650 4050 926 4115 candum
972 4053 1095 4134 est,
1144 4051 1249 4116 cui
1295 4052 1388 4117 rei
1432 4053 1842 4136 magistratus
1888 4052 2157 4117 maxime
2203 4053 2347 4134 post
2392 4051 2598 4115 Deum
2643 4051 3011 4134 ancillatur,

871 4262 913 4330 ¹)
965 4263 994 4315 1
1034 4263 1175 4318 Τ110.
1216 4266 1262 4333 1,
1299 4264 1352 4320 9.
1425 4293 1493 4301 -
1568 4261 1612 4329 ²)
1657 4267 1679 4316 l
1725 4262 1845 4317 Cor.
1883 4263 1935 4331 4,
1973 4264 2061 4317 20.
2132 4290 2202 4301 —
2276 4260 2321 4331 ⁸)
2366 4260 2651 4316 Matthfius
2690 4262 2739 4331 7,
2776 4264 2863 4316 21.
2935 4289 3013 4302 —

652 4348 700 4418 ⁴)
741 4351 770 4403 1
810 4350 1057 4408 Thessal.
1091 4352 1145 4420 4,
1182 4352 1291 4408 311.
1347 4380 1416 4391 —
1478 4351 1525 4421 ⁵)
1565 4354 1594 4405 1
1632 4351 1760 4407 Joh.
1797 4352 1848 4420 3,
1890 4352 1972 4405 18.
