3259 5075
1215 252 1398 318 Anno
1453 252 1621 318 1536
1668 254 1828 318 acta.
2564 251 2697 318 885

563 432 662 494 19.
713 430 1014 496 Omnium
1079 428 1456 514 pensionum
1502 431 1566 493 et
1609 428 1976 494 reddituum
1996 432 2019 468 ¹
2064 427 2695 511 ptochotrophiorum

337 537 407 600 et
450 534 976 600 xenodochiorum
1043 535 1398 618 praefectus
1466 534 1672 615 urbis,
1746 535 2031 599 consules
2078 536 2143 599 et
2188 536 2441 599 senatus
2506 536 2694 617 atque

340 641 647 724 principis
696 640 1061 724 designatus
1108 641 1178 704 in
1224 642 1381 705 urbe
1427 641 1721 724 quaestor
1766 641 1844 704 ab
1891 639 2241 705 oeconomis
2288 641 2352 703 et
2394 658 2693 724 procura-

338 749 586 812 toribus
658 766 874 811 earum
935 747 1262 811 domorum
1333 746 1604 830 singulis
1651 745 1831 811 annis
1879 748 2186 828 oportuno
2256 749 2535 830 tempore
2582 745 2692 810 ad-

339 853 688 919 ministrati
734 853 931 918 officii
992 853 1264 917 rationes
1313 852 1563 936 exigent
1631 852 1997 935 dabuntque
2057 872 2308 936 operam
2355 854 2422 917 in
2467 853 2691 936 primis

337 961 404 1023 et
446 959 872 1043 potissimum,
936 978 1013 1023 ne
1060 959 1222 1023 bona
1267 977 1617 1040 pauperum
1666 957 2097 1039 dilapidentur
2158 978 2313 1023 neve
2357 960 2424 1023 in
2472 959 2687 1042 alium,

339 1084 529 1148 quam
573 1067 839 1147 oportet,
889 1084 1078 1129 usum
1126 1064 1530 1128 conferantur
1549 1065 1590 1127 2.

555 1172 659 1236 20.
723 1172 807 1235 Et
852 1171 971 1235 hoc
1018 1189 1264 1254 quoque
1332 1169 1754 1233 necessarium
1798 1188 1931 1234 esse
1976 1171 2185 1236 visum
2231 1174 2352 1253 est,
2423 1175 2498 1237 ut
2544 1191 2691 1237 con-

339 1277 535 1358 311103,
605 1279 889 1358 senatus,
954 1277 1119 1341 cives
1168 1278 1231 1340 et
1289 1275 1530 1340 incolae
1599 1274 2004 1340 iureiurando
2067 1296 2133 1341 se
2179 1277 2581 1363 obstringant
2626 1298 2690 1343 se

337 1384 503 1448 nulli
548 1386 692 1467 post
737 1385 1004 1448 mortem
1068 1382 1376 1465 principis
1437 1384 1876 1465 praeterquam
1922 1383 2200 1465 capitulo
2246 1386 2312 1447 et
2356 1384 2690 1467 deputatae

336 1509 375 1554 a
418 1490 685 1555 dioecesi
732 1489 1056 1554 nobilitati
1104 1506 1303 1572 usque
1348 1487 1427 1551 ad
1473 1487 1838 1551 unanimem
1889 1488 2038 1552 novi
2083 1488 2389 1571 principis
2435 1489 2689 1554 electio-

337 1617 479 1661 nem
526 1598 589 1661 et
634 1596 914 1661 eiusdem
946 1593 1485 1660 confirmationem
1517 1595 1705 1677 atque
1752 1594 2302 1676 inaugurationem
2346 1595 2682 1676 parituros.

551 1704 653 1767 21.
706 1701 988 1785 Singulis
1034 1700 1302 1765 diebus³
1335 1700 1537 1764 claves
1584 1702 1912 1783 portarum
1950 1700 2163 1764 clausa
2194 1701 2350 1764 urbe
2381 1701 2461 1764 ad
2507 1719 2687 1782 prae-

334 1810 574 1873 fectum
619 1808 782 1873 arcis
830 1808 1250 1872 deferentur.“

549 1933 709 1998 Cum
771 1934 1056 2015 superior
1123 1932 1275 1996 haec
1323 1933 1396 1997 ad
1450 1952 1642 1997 novae
1704 1931 1864 1996 arcis
1936 1931 2323 1995 structuram
2368 1931 2432 1994 et
2478 1932 2686 1995 custo-

333 2038 506 2102 diam
537 2039 856 2121 pertinens
891 2039 1202 2103 ordinatio
1236 2058 1306 2103 ac
1339 2038 1616 2103 civitatis
1651 2036 2163 2103 Monasteriensis
2195 2036 2455 2118 politiae
2487 2036 2688 2101 forma

332 2146 401 2208 in
447 2145 561 2209 hos
608 2145 906 2209 articulos
976 2147 1296 2210 contracta
1341 2144 1725 2209 deliberato⁸
1770 2146 1834 2208 et
1878 2143 2167 2208 unanimi
2227 2141 2490 2206 consilio
2538 2161 2685 2206 con-

333 2251 564 2313 stituta
597 2253 659 2315 et
705 2250 956 2315 decreta
1002 2251 1104 2331 sit,
1153 2250 1397 2331 placuit
1443 2269 1581 2314 eam
1627 2250 1911 2315 omnium
1943 2249 2238 2314 ordinum
2285 2248 2483 2331 signis
2514 2266 2684 2312 00111-

331 2356 609 2438 1111111110,
661 2356 938 2438 primum
982 2356 1320 2439 principis,
1371 2357 1643 2421 secundo
1691 2355 1974 2439 capituli,
2028 2355 2217 2420 tertio
2264 2354 2530 2419 Arnoldi
2577 2373 2680 2418 co-

331 2462 508 2526 mitis
570 2462 1046 2527 Benthemensis
1095 2464 1209 2527 etc.
1258 2482 1370 2545 pro
1419 2461 1685 2526 militari
1748 2461 1980 2527 ordine.
2076 2462 2164 2525 At
2209 2481 2354 2525 cum
2424 2463 2677 2525 senatus
2707 2475 2985 2531 (15373011.)

331 2569 845 2633 Monasteriensis
912 2574 1213 2652 tanquam
1262 2571 1524 2653 quartus
1571 2569 1872 2634 dioecesis
1918 2569 2067 2634 ordo
2114 2588 2228 2651 pro
2278 2588 2342 2632 se
2389 2567 2681 2651 reliquis-

327 2694 452 2757 que
498 2674 748 2756 oppidis
797 2675 1211 2757 consignaret,
1262 2674 1604 2740 distractus
1653 2678 1751 2740 est
1795 2675 1863 2739 in
1910 2677 2139 2757 partes,
2203 2675 2466 2740 Patricii
2513 2673 2684 2738 enim

327 2799 368 2843 a
424 2780 668 2844 civibus
740 2778 817 2843 ad
882 2780 1226 2846 militarem
1294 2782 1579 2846 ordinem
1647 2782 2069 2845 secesserant*
2128 2781 2555 2845 existimantes
2618 2798 2683 2844 se

544 2990 591 3059 a)
629 2992 738 3045 Me.
751 3010 767 3043 .·
805 2991 1141 3047 deliberatiO.

547 3187 588 3255 ¹)
631 3186 781 3252 „Van
820 3185 966 3240 allen
1006 3187 1384 3256 upkumpsten,
1421 3186 1651 3241 renthen
1687 3186 1799 3240 und
1835 3186 2125 3257 guderen.“

543 3272 587 3342 ⁹)
627 3274 1001 3345 Hinzugefiigt
1024 3277 1100 3329 ist
1124 3275 1287 3329 noch:
1332 3274 1457 3341 „des
1483 3275 1550 3329 de
1576 3274 1918 3329 stadtholder
1954 3275 2053 3328 ock
2078 3275 2135 3329 in
2162 3274 2478 3329 sunderheit
2508 3278 2681 3331 ernst-

327 3362 439 3415 lich
476 3363 694 3433 upsicht
730 3368 788 3418 to
815 3364 912 3418 der
936 3381 1120 3419 armen
1157 3366 1346 3419 besten
1384 3363 1488 3418 sall
1524 3364 1880 3432 voirwenden,
1919 3363 1986 3418 de
2012 3364 2186 3435 guder
2219 3364 2373 3418 nicht
2397 3363 2683 3419 verbracht

325 3450 407 3504 off
438 3451 764 3506 missbruket
798 3452 1061 3509 werden.“

523 3538 568 3607 ⁸)
598 3539 784 3605 „Iders
804 3544 994 3594 aventz
1017 3558 1088 3594 na
1107 3540 1454 3610 gelegenheit
1473 3540 1568 3594 (101
1586 3540 1696 3594 tith
1714 3539 1825 3594 und
1846 3539 2126 3611 ordnunge
2146 3540 2240 3595 des
2260 3540 2676 3597 stadtholders.“

525 3628 570 3698 ¹)
608 3628 742 3682 Hier
790 3629 902 3683 und
939 3630 996 3683 in
1034 3629 1268 3699 Vielem‚
1325 3647 1433 3684 was
1470 3630 1654 3684 Korss.
1690 3630 1878 3683 weiter
1931 3647 2035 3684 von
2073 3630 2169 3684 der
2220 3629 2551 3700 Gestaltung
2587 3629 2683 3684 der

327 3715 509 3786 Dinge
545 3717 602 3770 in
639 3717 887 3772 Miinster
924 3717 1157 3786 erzahlt,
1216 3718 1377 3773 dcckt
1413 3718 1528 3772 sich
1566 3720 1681 3772 sein
1717 3717 1943 3772 Bericht
1994 3719 2099 3772 mit
2135 3718 2237 3772 den
2275 3718 2682 3772 ausfiihrlichen

326 3803 697 3858 Nachrichten
736 3806 886 3860 einer
920 3822 1017 3859 aus
1060 3806 1308 3860 Mi'mster
1344 3806 1735 3875 stammenden,
1784 3807 1929 3875 jetzt
1964 3807 2023 3860 in
2059 3806 2155 3861 der
2191 3805 2551 3876 Koniglichen
2583 3805 2678 3860 Bi-

325 3891 571 3947 bliothek
608 3909 674 3946 zu
709 3893 897 3947 Berlin
955 3894 1079 3962 (Ms.
1116 3895 1330 3950 Beruss.
1381 3894 1480 3960 Qu.
1520 3895 1647 3961 272)
1700 3894 2106 3949 aufbewahrten
2144 3893 2382 3948 Chronik
2418 3896 2521 3948 mit
2555 3893 2680 3949 dem

324 3980 498 4035 Titel:
542 3981 708 4047 „Eine
744 3982 899 4037 korte
937 3982 1262 4052 antekunge,
1318 4000 1424 4036 wes
1463 3983 1578 4037 sick
1613 3983 1818 4037 binnen
1853 3983 2102 4037 Miinster
2137 3982 2279 4037 nach
2314 3998 2679 4053 veraverunge

323 4068 423 4123 der
458 4069 609 4124 stadt
643 4072 730 4124 uit
767 4070 862 4125 der
902 4070 1285 4141 wedderdoper
1320 4070 1521 4141 gcwalt
1555 4072 1611 4124 in
1642 4072 1739 4125 der
1763 4075 1942 4126 ersten
1980 4070 2093 4125 und
2128 4071 2301 4125 lesten
2338 4071 2677 4140 restution(!)

326 4156 465 4211 hefft
499 4157 740 4229 begeven
780 4159 889 4213 und
926 4160 1259 4230 togedragen
1300 4198 1313 4213 .
1333 4198 1347 4213 .
1369 4200 1382 4212 .
1425 4159 1581 4214 Anno
1622 4160 1809 4215 1562.“
1885 4159 2071 4230 Vergl.
2111 4159 2199 4213 die
2235 4159 2571 4231 Einleitung.
2607 4189 2678 4199 —

324 4245 446 4301 Den
483 4247 738 4318 Landtag
791 4248 1018 4303 beriihrt
1071 4248 1160 4304 die
1213 4248 1451 4303 Chronik
1506 4265 1608 4303 nur
1657 4248 1805 4305 kurz.
1884 4250 1999 4316 „Do
2035 4249 2191 4317 wer‚“
2232 4252 2359 4320 sagt
2394 4250 2499 4318 sie,
2542 4265 2679 4319 „eyn

324 4334 583 4390 lantdach
618 4336 970 4392 verschrcven
1024 4338 1150 4392 inne
1187 4336 1275 4392 die
1313 4336 1464 4393 stadt
1497 4338 1747 4392 Munster
1800 4336 1911 4392 und
1946 4341 2084 4392 wort
2130 4337 2237 4392 den
2271 4337 2448 4392 raithe
2488 4352 2682 4407 vorge·
