3259 5075
587 298 720 363 636
1454 296 1639 361 Anno
1693 297 1861 361 1534
1905 296 2062 360 acta.

583 472 680 538 ita
720 472 940 554 uteris,
987 474 1064 537 ut
1107 470 1361 537 Christo
1407 471 1488 536 ad
1533 470 1843 536 iudicium
1911 471 2201 537 redeunti
2245 470 2556 535 rationem
2617 468 2936 551 reddas!“,

584 579 901 664 simulque
930 577 1146 662 ipsum
1190 576 1694 661 fragrantissimo
1726 578 1970 661 liquore
2007 577 2320 662 inungens
2352 576 2453 642 his
2486 575 2724 641 verbis:
2763 574 2938 659 „Ego

585 687 648 750 te
694 685 763 751 in
810 704 1021 768 regem
1065 684 1214 750 novi
1279 686 1508 770 templi
1574 686 1917 770 populique
1961 686 2081 752 Dei
2125 686 2314 751 Patre
2380 686 2640 751 iubente
2698 684 2938 767 inungo

584 792 772 875 teque
819 789 889 855 in
933 790 1094 855 facie
1158 790 1359 857 totius
1426 792 1650 876 populi
1714 811 1923 875 regem
1970 811 2165 858 novae
2211 791 2436 876 Syonis
2505 789 2855 874 pronuncio
2874 790 2932 855 !“

583 897 756 962 Haec
785 896 1030 962 iamdiu
1060 915 1288 980 magno
1321 897 1531 962 studio
1562 897 1896 980 Leydanus
1929 901 2195 963 venatus
2226 899 2323 963 est
2343 900 2393 979 ¹3
2426 897 2504 963 ob
2536 896 2657 962 hoc
2688 914 2940 960 omnem

581 1003 1030 1087 magistratum
1096 1003 1476 1087 contempsit
1520 1005 1584 1068 et
1627 1002 1874 1086 reiecit,
1938 1006 2016 1070 ob
2064 1004 2218 1069 haec
2276 1003 2487 1068 omnia
2552 1001 2704 1067 fecit
2763 1020 2936 1067 eom-

577 1108 821 1191 munia,
869 1108 1036 1175 cives
1083 1109 1327 1192 priscae
1372 1108 1652 1174 civitatis
1698 1110 1855 1174 urbe
1902 1109 2105 1188 eiecit,
2172 1127 2389 1174 eorum
2434 1109 2598 1173 bona
2641 1105 2934 1189 diripuit,

584 1215 756 1280 casta
799 1213 1191 1279 matrimonii
1238 1214 1379 1279 iura
1422 1213 1702 1296 violavit,
1766 1213 2146 1297 pudicitiam
2191 1218 2256 1279 et
2299 1212 2742 1278 verecundiam
2787 1230 2937 1294 pro-

583 1319 846 1404 fligavit,
898 1319 1024 1385 sibi
1054 1319 1452 1384 adversantes
1497 1319 1644 1402 plus
1678 1339 1868 1404 quam
1911 1320 2244 1404 tyrannica
2287 1318 2684 1384 immanitate
2731 1316 2936 1381 truci-

584 1423 778 1508 davit,
829 1422 1040 1490 omnia
1085 1444 1154 1489 eo
1197 1424 1445 1506 direxit,
1495 1425 1571 1489 ut
1615 1424 1742 1489 sibi
1788 1443 2055 1509 regnum
2098 1427 2349 1509 pararet
2393 1426 2458 1491 et
2503 1424 2675 1490 solus
2722 1441 2936 1488 rerum

575 1532 868 1596 omnium
913 1550 1026 1614 pro
1072 1530 1337 1596 arbitrio
1383 1549 1455 1594 ac
1500 1549 1616 1595 sua
1659 1530 1930 1596 libidine
1973 1531 2303 1615 potiretur.
2380 1531 2566 1596 Nunc
2612 1529 2934 1595 confiden-

583 1636 713 1701 tius
758 1636 1009 1701 insueto
1041 1634 1374 1719 dignitatis
1422 1634 1616 1700 titulo
1649 1637 1902 1701 tumens
1949 1635 2161 1719 prodit
2206 1637 2624 1721 protinusque
2655 1655 2720 1701 se
2750 1632 2935 1699 humi

582 1742 651 1807 in
697 1741 920 1808 faciem
990 1742 1218 1807 sternit
1276 1744 1498 1825 atque:
1552 1742 1645 1823 „O
1690 1742 1782 1806 mi
1825 1742 2074 1824 Pater‚“
2125 1744 2430 1808 exclamat
2448 1744 2491 1825 ²,
2563 1761 2751 1825 „cum
2796 1760 2930 1825 ego,

575 1849 695 1933 qui
741 1866 942 1930 neque
976 1849 1179 1914 aetate
1225 1867 1425 1933 neque
1470 1847 1732 1913 consilio
1780 1868 1978 1932 neque
2024 1848 2338 1931 sapientia
2383 1848 2608 1932 polleo,
2658 1846 2934 1912 admini-

579 1956 874 2020 strationi
942 1956 1155 2020 tantae
1223 1952 1555 2036 potestatis
1602 1972 1728 2018 non
1775 1953 2117 2036 sufficiam,
2183 1954 2262 2018 ad
2307 1955 2487 2019 tuam
2533 1952 2934 2018 clementiam

580 2061 967 2145 praesidium
1011 2061 1285 2143 petitum
1332 2060 1596 2143 supplex
1642 2059 1953 2143 confugio.
2048 2060 2234 2125 Mitte
2281 2079 2445 2143 ergo,
2497 2079 2531 2125 0
2575 2059 2781 2141 Pater,
2831 2078 2933 2124 sa-

579 2166 884 2250 pientiam
951 2166 1131 2231 illam
1198 2168 1376 2231 tuam
1420 2165 1496 2231 de
1543 2165 1733 2231 coelis
1804 2166 2038 2231 sanctis
2100 2165 2231 2232 tuis
2279 2169 2343 2231 et
2387 2185 2425 2231 a
2469 2166 2613 2231 sede
2682 2163 2931 2248 magni-

579 2272 827 2337 tudinis
872 2274 1037 2354 tuae,
1084 2275 1162 2337 ut
1204 2290 1455 2337 mecum
1499 2272 1585 2337 sit
1629 2274 1695 2337 et
1738 2291 1987 2338 mecum
2032 2272 2296 2354 laboret,
2346 2273 2420 2337 ut
2464 2270 2823 2355 intelligam
2866 2271 2934 2335 et

580 2376 796 2461 sciam,
870 2378 1025 2463 quid
1071 2380 1398 2462 acceptum
1445 2378 1532 2442 sit
1574 2377 1645 2443 in
1689 2380 2031 2462 conspectu
2077 2379 2223 2444 tuo!
2318 2377 2421 2443 Sic
2468 2378 2638 2443 enim
2698 2376 2930 2460 dignus

577 2484 858 2551 habebor
903 2483 1108 2550 officio
1154 2483 1313 2550 mihi
1347 2504 1385 2550 a
1415 2486 1479 2549 te
1526 2484 1882 2551 concredito
1929 2486 1993 2551 et
2035 2485 2344 2569 populum
2390 2487 2576 2550 tuum
2614 2483 2684 2549 in
2715 2482 2930 2568 aequi-

571 2592 709 2656 tate
741 2593 805 2656 et
848 2591 1101 2656 iustitia
1131 2611 1346 2675 regam
1364 2593 1422 2657 !“
1486 2591 1837 2658 Conversus
1869 2592 2020 2656 hinc
2050 2591 2131 2657 ad
2175 2592 2519 2676 populum:
2572 2591 2924 2673 „Fratres‚“

569 2695 808 2780 inquit,
862 2696 1277 2779 „charissimi
1324 2698 1480 2763 haec
1511 2717 1622 2781 ego
1655 2699 1799 2781 ante
1828 2697 2066 2763 multos
2099 2697 2233 2764 dies
2263 2696 2473 2764 Patris
2514 2694 2930 2780 inspiratione

576 2801 797 2881 futura
842 2801 1018 2884 scivi,
1067 2803 1177 2867 sed
1221 2823 1300 2869 ne
1330 2821 1467 2869 mea
1513 2805 1736 2886 sponte
1783 2822 2048 2887 regnum
2095 2802 2263 2870 inter
2307 2823 2417 2869 vos
2464 2803 2785 2869 affectasse
2830 2800 2929 2866 vi-

575 2908 774 2991 derer,
823 2910 887 2974 et
918 2911 991 2974 ut
1027 2909 1227 2975 maior
1256 2909 1434 2975 vobis
1480 2909 1636 2975 fides
1668 2910 1850 2976 fieret
1879 2909 2189 2975 divinitus
2235 2911 2388 2975 haec
2419 2909 2631 2976 omnia
2658 2908 2925 2989 evenire,

794 3121 835 3188 ¹)
872 3121 976 3175 Die
1013 3120 1266 3192 folgende
1301 3122 1577 3177 Reflexion
1611 3122 1812 3177 wieder
1846 3138 1985 3193 ganz
2023 3120 2163 3176 nach
2199 3122 2269 3176 H.
2305 3121 2508 3191 Dorp.

793 3208 837 3277 ²)
873 3209 1058 3278 Vergl.
1115 3227 1236 3265 zum
1289 3210 1603 3281 Folgenden
1657 3211 1804 3267 Joh.
1841 3211 2214 3266 Fabricius
2265 3208 2629 3264 Bolandus
2682 3206 2770 3263 Bl.
2808 3207 2926 3263 01.

576 3296 729 3351 Auch
765 3295 889 3351 Joh.
927 3297 1167 3368 Klopriss
1205 3315 1239 3352 a
1280 3315 1329 3353 a.
1357 3298 1420 3355 Ο.
1459 3299 1513 3353 S.
1554 3300 1657 3352 112
1693 3302 1818 3368 sagt
1854 3316 1969 3367 aus,
2008 3298 2089 3352 als
2126 3297 2345 3352 Johann
2379 3314 2483 3351 von
2520 3295 2930 3351 Ducentschuer

573 3401 698 3439 zum
736 3386 919 3455 K6n1g
953 3386 1277 3456 ausgerufen
1315 3386 1513 3455 wurde,
1556 3387 1696 3453 „hab
1735 3405 1793 3441 er
1829 3388 1945 3442 sich
1982 3386 2076 3441 des
2113 3387 2398 3456 unwiirdig
2434 3385 2657 3456 geacht3
2700 3385 2830 3439 aber
2865 3403 2926 3440 so

575 3472 673 3527 der
707 3473 941 3544 prophet
977 3474 1074 3528 das
1109 3492 1215 3528 van
1243 3474 1379 3529 Gotz
1417 3493 1603 3546 wegen
1643 3479 1840 3547 gesagt
1874 3476 2044 3543 hetto,
2083 3493 2142 3529 so
2169 3478 2346 3529 muste
2385 3492 2443 3529 er
2468 3474 2604 3528 Gott
2640 3473 2926 3543 gehorsam

569 3562 742 3617 sein.“
775 3589 838 3598 -
877 3562 937 3615 L.
964 3561 1386 3618 Hortensius
1422 3563 1541 3634 legt
1576 3563 1795 3619 Johaun
1831 3565 1935 3618 den
1959 3563 2241 3618 Aeltesten
2278 3563 2589 3633 gogeniiber
2625 3562 2713 3616 die
2738 3561 2926 3617 Worte

575 3650 633 3703 in
669 3650 771 3704 den
809 3648 1007 3704 Mund:
1070 3650 1220 3716 „Etsi
1257 3651 1327 3705 ad
1363 3651 1501 3706 illud
1559 3652 1844 3722 fastigium
1896 3652 2099 3706 invitus
2137 3668 2171 3705 a
2205 3651 2321 3705 Deo
2358 3668 2533 3718 vocor,
2572 3653 2651 3718 ut,
2690 3652 2737 3705 si
2774 3652 2925 3720 optio

569 3738 750 3808 detur,
803 3738 991 3793 malim
1027 3739 1310 3794 subulcum
1347 3744 1445 3794 aut
1490 3756 1781 3811 agasonem
1819 3757 1997 3810 agere,
2054 3742 2297 3810 quamvis
2351 3741 2610 3794 restitans
2646 3742 2830 3792 tamen
2869 3742 2927 3792 et

573 3828 733 3897 quasi
767 3843 932 3881 manu
988 3832 1235 3882 conserta
1273 3828 1342 3882 ad
1395 3846 1622 3899 regnum
1661 3828 1841 3884 Sionis
1896 3829 2190 3882 ineundum
2226 3827 2462 3882 nahor!
2539 3827 2607 3881 In
2644 3825 2927 3881 ahnlicher

576 3916 754 3970 Weise
789 3916 924 3970 laist
958 3915 1026 3970 H.
1066 3916 1405 3971 Gresbeck
1441 3917 1497 3973 8.
1520 3918 1590 3971 83
1626 3917 1731 3972 den
1768 3917 1951 3986 Konig
1988 3933 2110 3970 zum
2146 3915 2318 3970 Volko
2354 3916 2541 3971 reden:
2586 3914 2716 3982 „Ick
2750 3913 2925 3968 wolde

573 4003 650 4057 vil
689 4004 859 4058 lieber
895 4006 1011 4058 sein
1047 4006 1134 4059 ein
1170 4004 1394 4059 verkens
1431 4004 1596 4060 herde
1651 4005 1764 4060 und
1799 4004 1971 4059 wolde
2005 4003 2112 4058 viel
2151 4003 2317 4058 liever
2370 4003 2459 4058 die
2494 4003 2679 4074 ploich
2724 4002 2925 4058 holden

575 4091 688 4146 ofte
725 4109 943 4162 graven,
981 4093 1087 4147 dan
1125 4093 1214 4148 ick
1251 4111 1310 4148 so
1349 4095 1436 4148 ein
1472 4094 1678 4164 konigh
1714 4093 1864 4150 solde
1901 4094 2036 4147 sein.
2075 4092 2188 4146 Dat
2223 4092 2312 4147 ich
2349 4090 2493 4157 (10111,
2531 4092 2630 4147 dat
2664 4094 2802 4148 moit
2835 4093 2925 4146 ick

567 4179 719 4247 dein,
776 4186 952 4236 wantc
990 4182 1101 4236 Got
1153 4182 1275 4237 heft
1320 4200 1410 4253 my
1448 4183 1665 4237 dairtho
1719 4182 2096 4237 utherkoren.“
2172 4180 2331 4235 Nach
2383 4180 2585 4235 Bernh.
2621 4179 2924 4250 Krechting

555 4261 670 4337 '(M.
709 4268 864 4336 G.-Q.
905 4269 982 4338 11,
1018 4272 1145 4339 410)
1199 4271 1299 4325 bat
1352 4269 1570 4324 Johann
1615 4270 1751 4337 „den
1788 4270 1985 4339 Vader,
2041 4269 2138 4323 das
2194 4286 2252 4323 er
2304 4270 2380 4323 im
2539 4269 2758 4324 vernuft
2810 4267 2923 4322 und

566 4356 802 4425 wisheit,
841 4359 968 4413 umb
1006 4358 1089 4411 sin
1125 4357 1281 4412 volck
1320 4375 1386 4412 zu
1421 4360 1654 4429 reginen,
1691 4358 1943 4414 verlehen
1979 4356 2159 4412 wolt.“
