3259 5075
1118 277 1301 344 Anno
1353 279 1523 345 1534
1567 280 1723 344 acta.
2452 281 2583 345 497

239 454 555 521 ditionem
597 454 920 521 interdum
963 454 1238 520 facturos
1283 454 1497 537 fuisse,
1545 474 1693 520 cum
1738 455 2128 521 obsidionem
2174 456 2300 522 sibi
2344 457 2422 521 ab
2453 455 2585 540 epi-

245 582 433 646 scopo
462 564 778 644 metuant3
812 582 949 628 eam
979 581 1124 627 vero
1155 581 1190 626 a
1219 562 1715 628 Transfluvianis
1747 562 2006 628 armatis
2036 563 2104 628 in
2135 563 2585 627 detrimentum

242 668 425 732 urbis
471 668 840 752 impeditam
872 688 1021 733 esse.
1085 668 1264 752 Ipsos
1310 668 1718 733 secessionem
1764 671 1828 733 et
1869 670 2079 753 partes
2124 669 2362 751 fecisse,
2411 668 2584 750 ipsos

241 795 465 858 pacem
510 778 574 840 et
619 776 807 841 fidem
876 777 1235 859 suspectam
1300 775 1631 856 habuisse3
1704 796 1767 841 se
1813 776 2066 860 quidem
2127 776 2365 860 priores
2413 795 2586 841 arma

241 882 556 963 induisse,
628 883 736 947 sed
794 882 1222 964 meminerint,
1293 882 1390 947 uti
1435 883 1675 966 priores
1722 902 1787 948 se
1833 883 2044 948 hostes
2111 883 2581 948 declaraverint.

245 987 365 1052 Sed
414 990 564 1053 utut
611 989 713 1070 sit,
764 1009 907 1053 cum
951 990 1315 1074 intelligant
1359 989 1529 1073 ipsos
1576 990 1937 1073 episcopum
1984 992 2202 1055 contra
2245 1008 2390 1054 suos
2436 1009 2583 1054 con-

243 1095 416 1160 cives
460 1098 710 1179 praeter
753 1097 1050 1162 meritum
1099 1099 1163 1161 et
1207 1097 1486 1162 officium
1531 1116 1782 1162 vocasse
1827 1098 2014 1180 atque
2060 1096 2127 1160 in
2171 1096 2396 1161 urbem
2438 1115 2586 1160 cum

243 1202 535 1285 equitatu
581 1221 693 1267 suo
739 1203 960 1268 hostili
1025 1203 1517 1286 intromissurOS,
1568 1223 1632 1269 se
1678 1203 1810 1268 illis
1857 1203 2049 1268 altius
2094 1203 2256 1268 hanc
2302 1222 2434 1267 rem
2481 1222 2583 1268 ex-

242 1307 640 1392 pendendam
673 1309 1033 1392 obtrudere3
1081 1312 1144 1375 et
1175 1310 1330 1394 quid
1374 1310 1520 1375 inde
1551 1312 1918 1375 secuturum
1949 1310 2052 1391 sit,
2098 1309 2377 1392 penitius
2418 1308 2586 1373 intra

245 1435 315 1480 se
345 1415 641 1499 cogitent,
690 1415 747 1481 si
779 1417 980 1482 hostis
1026 1417 1194 1482 intra
1224 1436 1440 1482 muros
1483 1417 1846 1500 recipiatur,
1895 1436 2052 1501 quae
2082 1416 2169 1481 sit
2212 1415 2431 1480 futura
2461 1415 2582 1479 rei-

243 1521 539 1605 publicae
583 1522 793 1605 facieS,
845 1523 900 1588 si
930 1524 1086 1589 duro
1118 1523 1441 1590 servitutis
1487 1524 1635 1609 iugo
1669 1542 1739 1589 ac
1769 1523 2102 1607 tyrannide
2148 1522 2385 1588 civium
2417 1541 2583 1587 com-

241 1629 433 1694 moda
479 1630 933 1713 opprimantur,
1001 1649 1158 1714 quae
1202 1631 1491 1713 libertaS,
1560 1630 1727 1716 quod
1771 1631 1898 1712 ius,
1969 1630 2135 1714 quod
2179 1628 2585 1713 privilegium

245 1754 569 1819 superesse
613 1738 832 1820 possit.
899 1738 1034 1802 Hoc
1081 1756 1324 1822 quoque
1356 1757 1567 1803 secum
1612 1736 1948 1802 aestiment
1986 1738 2173 1820 atque
2220 1736 2583 1819 incorrupto

244 1842 445 1907 animi
491 1842 726 1908 iudicio
771 1844 1118 1927 ponderent
1160 1844 1452 1909 libertate
1506 1844 1698 1909 semel
1743 1843 1975 1909 amissa
2018 1844 2259 1908 nullam
2304 1860 2586 1925 unquam

246 1968 425 2032 spem
471 1950 605 2014 eius
653 1951 1109 2034 recuperandae
1153 1951 1462 2035 reliquam
1505 1950 1655 2017 fore.
1723 1950 1799 2016 Se
1846 1950 2102 2034 quidem
2144 1948 2382 2033 iugulis
2429 1948 2581 2030 31113,

246 2073 403 2139 quos
451 2074 663 2120 secum
699 2055 922 2140 ferant,
972 2058 1181 2123 omnia
1223 2057 1492 2141 pendere
1537 2076 1738 2141 posse,
1788 2057 1896 2122 sed
1942 2056 2067 2140 ipsi
2114 2056 2229 2120 hoc
2261 2056 2469 2138 agant,
2515 2054 2585 2119 in

245 2161 365 2225 hoc
411 2160 717 2243 laborent,
767 2182 844 2227 ne
874 2164 1186 2228 maiorum
1234 2182 1491 2229 suorum
1520 2163 1806 2247 vestigiis
1854 2162 1985 2228 sint
2028 2161 2277 2245 indigni
2321 2180 2475 2226 neve
2506 2161 2585 2225 ab

242 2266 503 2331 illorum
533 2267 770 2333 virtute
802 2271 865 2334 et
908 2270 1141 2353 pietate
1187 2270 1562 2355 degenerent
1605 2289 1806 2354 neque
1851 2269 2207 2354 proditione
2246 2268 2384 2350 1130,
2433 2267 2586 2332 (111111

246 2371 373 2437 sibi
417 2372 878 2439 incommodare
924 2377 1245 2458 conentur,
1293 2395 1438 2442 suos
1483 2376 1736 2458 11110103,
1787 2395 1930 2441 31103
1962 2377 2218 2459 nepotes
2264 2376 2584 2457 totamque

245 2479 680 2564 posteritatem
742 2481 993 2547 futurae
1037 2482 1420 2566 reipublicae
1465 2483 1534 2549 in
1576 2483 1945 2568 perpetuam
1991 2482 2362 2549 servitutem
2406 2500 2585 2565 prae-

245 2586 532 2669 cipitent.
615 2587 683 2653 Si
728 2608 874 2671 opes
921 2588 1298 2674 divitiasque
1344 2590 1607 2656 caducas
1655 2589 1875 2655 liberis
1923 2589 2054 2654 suis
2102 2588 2389 2653 relicturi
2434 2587 2580 2669 sint,

248 2693 472 2758 saltem
531 2692 945 2759 hereditatem
992 2697 1056 2760 et
1099 2696 1553 2778 possessionem
1615 2696 2143 2761 inaestimabilem
2187 2713 2386 2778 neque
2432 2712 2583 2758 auro

249 2819 446 2882 neque
488 2800 754 2883 gemmis
788 2801 1241 2883 conferendam,
1289 2802 1648 2867 libertatem
1679 2823 1918 2886 nempe,
1969 2801 2102 2867 sine
2133 2800 2391 2883 invidia,
2438 2819 2584 2864 cum

249 2906 517 2987 possint,
588 2907 964 2991 relinquant.
1083 2908 1307 2973 Secum
1374 2909 1580 2974 animo
1650 2910 1907 2974 volvant
1971 2908 2300 2973 milvinam
2367 2925 2584 2990 pacem

247 3011 418 3075 muri
460 3031 768 3097 ranaeque
825 3034 952 3079 non
999 3015 1203 3079 solum
1246 3015 1441 3081 fuisse
1500 3015 1834 3097 exitialem,
1882 3033 2099 3080 verum
2145 3013 2336 3080 etiam
2380 3014 2583 3096 impe-

247 3117 418 3183 rium
461 3119 712 3202 paludis
760 3121 1159 3187 transtulisse
1179 3124 1220 3186 ¹.
1280 3121 1673 3206 Cognoscant
1715 3141 1935 3205 pacem
1974 3140 2300 3205 synceram
2344 3123 2409 3185 et
2451 3120 2584 3185 uti-

244 3223 373 3289 lem
417 3245 543 3290 non
589 3246 740 3308 esse,
789 3246 946 3310 quae
984 3228 1309 3312 sanguinis
1356 3231 1420 3293 et
1465 3228 1789 3294 servitutis
1833 3227 2117 3293 mercede
2162 3228 2580 3310 comparatur.

244 3332 518 3398 Proinde
563 3334 973 3417 concordiam,
1024 3354 1180 3419 quae
1241 3335 1503 3401 minoris
1548 3336 1819 3417 constet,
1870 3353 1934 3401 se
1983 3354 2266 3419 suosque,
2316 3351 2584 3418 quorum

243 3437 557 3522 legatione
605 3439 965 3524 fungantur,
1015 3460 1088 3506 ex
1132 3441 1340 3507 animo
1386 3442 1664 3507 suadere.

460 3546 630 3611 Haec
675 3546 789 3611 ubi
856 3548 1161 3613 dixissent
1206 3550 1271 3612 et
1314 3568 1351 3613 a
1395 3548 1629 3613 nostris
1694 3548 1960 3632 digressi
2004 3548 2333 3630 fuisssent‚
2380 3546 2583 3612 nostri

246 3669 434 3734 super
478 3650 595 3716 hac
640 3671 706 3716 10
738 3654 1095 3718 consultant
1139 3653 1281 3718 aliis
1327 3654 1464 3737 hoc,
1513 3654 1657 3719 aliis
1687 3674 1831 3720 vero
1876 3653 2040 3720 illud
2087 3653 2575 3719 consulentibus

247 3754 686 3822 *Hermannus
716 3759 1099 3842 Tylbechius
1121 3762 1147 3800 ²
1175 3760 1423 3826 consul:
1473 3760 1610 3827 Sibi
1641 3779 1766 3826 non
1794 3760 2015 3843 videri,
2064 3759 2292 3844 inquit,
2341 3760 2577 3844 iniqua,
2607 3777 2701 3850 *μ
2737 3776 2861 3834 435,

463 4006 504 4073 ¹)
540 4006 666 4077 Vgl,
704 4006 792 4061 die
815 4007 984 4062 Fabcl
1025 4008 1139 4075 „De
1174 4009 1417 4062 muribus
1456 4011 1512 4062 et
1546 4009 1727 4063 ranis“
1765 4009 1823 4063 in
1864 4008 2093 4079 „Aesopi
2116 4008 2349 4079 Phrygis
2376 4010 2433 4061 et
2466 4008 2581 4062 vita

246 4110 308 4148 ex
332 4094 565 4150 Maximo
590 4095 835 4150 Planude
872 4096 1155 4167 desumpta
1182 4101 1238 4151 et
1261 4096 1495 4152 fabellae
1532 4097 1998 4153 iucundissimae.“
2056 4096 2371 4168 Salingiaci.
2419 4096 2579 4151 Ioan-

243 4199 338 4238 nes
376 4183 534 4239 Soter
569 4185 881 4242 excudebat.
941 4186 1097 4241 1538.

456 4271 502 4341 ²)
537 4274 651 4329 Das
706 4274 1122 4330 entscheidende
1157 4275 1471 4347 Eingreifen
1508 4275 1779 4331 Tilbeck's
1833 4274 2077 4330 erwahnt
2111 4275 2241 4329 kurz
2277 4273 2348 4331 H.
2387 4274 2578 4330 Gres-

243 4361 402 4416 beck
445 4361 500 4418 S.
529 4363 613 4433 16,
651 4364 1049 4420 ausfiihrlicher
1084 4364 1196 4419 und
1230 4365 1306 4420 im
1343 4365 1524 4436 Sinne,
1560 4366 1620 4419 in
1657 4364 1779 4419 dem
1815 4381 1872 4420 es
1909 4363 2048 4419 auch
2084 4364 2266 4422 Kerss.
2302 4363 2580 4434 schildert,

2367 4456 2407 4520 8
