3259 5075
1135 298 1319 366 Anno
1372 298 1542 367 1535
1588 301 1745 366 acta.
2480 300 2609 366 837

258 474 372 539 alii
417 475 672 558 raptim,
720 476 798 539 ut
840 477 1091 559 tempus
1138 475 1397 558 ferebat,
1445 494 1620 541 arma
1659 475 2032 558 corripiunt,
2079 474 2192 541 alii
2236 475 2504 541 inermes
2537 493 2612 541 ex

258 581 523 647 wdibus
590 582 830 664 passim
896 583 1213 664 proruunt
1258 583 1324 647 et
1368 581 1680 664 paulatim
1749 581 2040 647 hostibus
2085 580 2344 646 armatis
2392 599 2608 646 occur·

256 689 468 752 rentes
515 689 914 770 sternuntur3
962 687 1094 770 alii,
1137 687 1291 752 dum
1323 687 1399 752 ad
1431 688 1744 771 templum
1790 705 2110 752 summum
2144 686 2609 753 educandorum

255 795 717 859 tormentorum
745 793 955 877 gratia
976 793 1346 860 catervatim
1375 795 1736 877 accurrunt,
1765 793 1835 858 in
1858 793 2145 858 custodes
2174 792 2609 876 imprudenter

255 899 552 965 incidunt
594 901 661 965 et
703 901 954 983 praeter
1020 918 1195 983 spem
1238 900 1616 966 mactantur.
1710 898 1872 965 Cum
1916 918 2062 964 vero
2122 901 2435 964 tormenta
2479 898 2608 964 sibi

253 1006 587 1089 praerepta
630 1025 763 1071 esse
809 1004 1398 1088 animadverterent,
1445 1004 1524 1069 ad
1569 992 1780 1070 forum
1819 1004 2044 1070 armati
2091 1004 2419 1070 confluunt
2437 1007 2461 1044 ²
2505 1023 2606 1071 sa·

255 1110 612 1196 cellumque
656 1112 753 1178 ibi
797 1112 1078 1178 vicinum
1147 1113 1360 1177 sancto
1409 1109 1435 1140 ⁴
1449 1111 1748 1176 Michaeli
1814 1112 2248 1175 consecratum
2293 1112 2607 1194 occupant
2629 1124 2658 1154 ⁸¹
2674 1142 2728 1197 p.
2765 1125 2888 1181 613.

254 1219 320 1282 et
364 1217 600 1301 raptim
643 1218 971 1301 muniunt,
1021 1216 1186 1282 unde
1232 1216 1457 1282 iaculis
1504 1216 1820 1282 continuis
1866 1216 2075 1282 hostes
2120 1216 2187 1281 in
2227 1236 2444 1301 campo
2492 1217 2603 1283 do-

253 1319 487 1389 minico
532 1323 603 1388 in
649 1324 781 1390 acie
827 1324 1238 1389 consistentes
1283 1324 1529 1389 eminus
1575 1324 1914 1389 lacessunt.
1978 1321 2067 1388 At
2112 1323 2213 1387 ini
2256 1323 2601 1389 maioribus

253 1429 588 1495 tormentis
622 1449 657 1496 e
686 1430 922 1515 templo
968 1430 1259 1495 adductis
1300 1430 1599 1496 retinctos
1645 1429 1794 1494 inde
1825 1428 2160 1494 deturbare
2191 1429 2599 1512 contendunt,

254 1534 364 1598 sed
408 1535 676 1618 frustra3
747 1556 962 1602 omnes
1009 1536 1178 1602 enim
1232 1535 1401 1601 ictus
1469 1536 1733 1619 antiqua
1777 1536 1842 1601 et
1883 1534 2069 1600 firma
2115 1535 2233 1600 illa
2275 1554 2602 1601 murorum

253 1658 581 1725 compages
613 1641 799 1727 facile
831 1642 1093 1725 respuit.
1166 1642 1312 1707 Mox
1341 1641 1601 1707 retincti
1646 1642 1781 1707 tota
1829 1641 1979 1705 beni
2024 1642 2187 1706 mole
2219 1661 2253 1705 e
2284 1641 2438 1723 foro,
2485 1641 2601 1706 ubi

253 1764 319 1810 se
364 1749 776 1831 armaverant,
826 1750 1078 1813 ruentes
1123 1748 1371 1814 hostem
1416 1747 1729 1813 invadunt
1775 1749 1839 1811 et
1884 1747 1952 1813 in
1997 1747 2402 1831 angiportum
2431 1766 2468 1811 a
2499 1767 2600 1812 sa-

252 1851 411 1916 cello
471 1851 548 1918 D.
597 1854 991 1938 Margaretae
1059 1872 1233 1918 sacro
1294 1852 1809 1936 cognominatum
1828 1853 1854 1891 ²
1895 1852 2110 1917 cedere
2176 1852 2596 1937 compellunt3

250 1956 418 2040 quod
464 1977 613 2023 cum
671 1978 796 2025 non
857 1962 1022 2026 esset
1086 1960 1376 2044 pervium
1429 1961 1493 2026 et
1538 1959 1795 2025 retincti
1860 1958 2190 2041 caedend0‚
2261 1958 2595 2043 pungendo

248 2062 706 2148 iaculandoque
751 2065 1064 2131 instarent
1108 2067 1476 2150 nostrosque
1521 2065 1591 2130 in
1621 2065 1941 2148 angiporti
1986 2064 2310 2148 angustias
2355 2065 2449 2130 ita
2492 2084 2595 2130 co-

249 2172 487 2252 gerent,
535 2172 611 2235 ut
639 2171 745 2236 vix
775 2191 949 2237 arma
983 2174 1050 2237 et
1091 2172 1357 2237 lacertos
1403 2170 1698 2236 movendi
1741 2170 2010 2235 facultas
2042 2173 2224 2253 esset,
2274 2170 2597 2253 suspirant

249 2277 316 2340 et
360 2276 543 2358 quasi
601 2276 730 2342 iam
776 2278 949 2343 omni
996 2297 1105 2361 spe
1151 2276 1444 2342 destituti
1489 2276 1682 2342 tacite
1743 2276 2187 2360 ingemiscunt.
2279 2276 2402 2343 Sed
2447 2296 2593 2341 con-

249 2381 395 2447 silio
431 2382 721 2467 Stedingi
767 2386 950 2466 porta
992 2382 1088 2448 ibi
1119 2383 1448 2448 cuiusdam
1495 2381 1779 2447 canonici
1808 2381 1875 2446 vi
1904 2381 2203 2465 aperitur,
2252 2400 2391 2467 qua,
2441 2381 2595 2448 dum

249 2487 481 2572 reliqui
527 2489 986 2556 commilitones
1031 2488 1126 2554 ibi
1171 2488 1381 2555 relicti
1424 2487 1706 2555 hostium
1750 2488 2060 2572 impetum
2106 2487 2357 2554 fortiter
2401 2489 2595 2555 susti-

249 2596 419 2676 nent,
469 2594 726 2661 ducenti
789 2595 1243 2679 propemodum
1287 2614 1402 2677 per
1445 2595 1717 2679 posticas
1763 2595 1832 2660 in
1879 2595 2068 2659 aliam
2113 2594 2387 2678 plateam
2431 2597 2594 2661 tem-

246 2699 430 2783 plum
474 2698 895 2784 Aegidianum
939 2720 1157 2767 versus
1206 2701 1482 2766 evadunt
1496 2701 1541 2782 3,
1592 2700 1756 2766 unde
1799 2719 1913 2784 per
1940 2700 2224 2767 viculum
2267 2701 2595 2766 vicinum⁴

248 2803 684 2873 laborantibus
743 2808 1284 2874 commilitonibus
1343 2808 1524 2892 quasi
1568 2825 1733 2873 nova
1776 2806 1906 2872 acie
1971 2806 2183 2872 subito
2231 2810 2590 2875 occurrunt.

245 2910 526 2976 Retincti
555 2931 701 2978 vero
733 2933 922 2980 novas
968 2914 1250 2980 hostium
1280 2914 1444 2979 vires
1476 2931 1607 2979 esse
1639 2913 2069 2981 existimantes
2099 2914 2593 2982 contremiscunt

247 3016 415 3080 nihil
459 3016 824 3084 dubitantes
891 3021 1090 3086 totam
1137 3021 1361 3085 urbem
1414 3020 1494 3084 ab
1541 3020 1721 3085 hoste
1790 3019 2009 3085 teneri.
2102 3019 2320 3084 Nostri
2378 3023 2593 3087 autem

246 3122 490 3188 mutuis
521 3124 1079 3191 acclamationibus
1112 3126 1237 3191 sibi
1268 3125 1509 3191 animos
1540 3125 1806 3208 faciunt,
1854 3124 2210 3191 conterritis
2255 3124 2589 3208 insultant,

246 3228 613 3295 cedentibus
646 3230 910 3315 instant,
956 3231 1272 3315 fugientes
1317 3233 1783 3315 persequuntur
1815 3229 2245 3314 plurimosque
2277 3233 2586 3299 sternunt.

244 3333 494 3401 Interea
552 3338 832 3421 portula,
896 3359 1021 3422 qua
1065 3338 1267 3405 hostis
1311 3339 1381 3404 in
1425 3339 1647 3404 urbem
1694 3337 1974 3419 venerat,
2045 3336 2397 3403 arctissime
2442 3358 2589 3404 con-

246 3440 530 3507 cluditur
551 3444 595 3508 ⁵.

465 3601 506 3670 ¹)
543 3601 728 3673 Vergl.
783 3602 922 3658 dazu
970 3602 1075 3657 den
1122 3602 1550 3672 „Warhafftigen
1598 3601 1840 3657 bericht“
1891 3600 1978 3656 Bl.
2014 3602 2061 3656 B
2086 3604 2142 3655 lv
2197 3601 2481 3671 (Zeitschr.
2517 3601 2589 3656 33

245 3687 299 3742 S.
343 3687 431 3756 13)
470 3689 583 3743 und
618 3688 764 3745 Joh.
800 3690 1168 3745 Fabricius
1204 3690 1560 3745 Bolandus
1596 3689 1684 3744 Bl.
1709 3689 1861 3745 Aa4.
1920 3689 2133 3745 Unlrlar
2167 3689 2290 3744 sind
2326 3689 2414 3744 die
2449 3687 2587 3745 Aus-

243 3775 552 3847 ffihrungen
587 3777 657 3833 H.
697 3777 1112 3835 Gresbeck’s
1170 3779 1224 3835 S.
1260 3780 1388 3847 208,
1443 3778 1540 3834 der
1581 3778 1845 3833 zunachst
1897 3777 1985 3833 die
2027 3777 2439 3833 Landsknechte
2492 3776 2594 3833 auf

244 3864 366 3919 dem
389 3865 712 3937 Domplatze
749 3866 836 3922 die
862 3863 1152 3923 Oberhand
1187 3869 1469 3940 gewinnen
1502 3867 1652 3936 lasst,
1690 3866 1835 3920 (181111
1859 3867 1988 3921 aber
2022 3865 2304 3921 fortsahrt:
2346 3865 2449 3933 „So
2474 3867 2588 3921 sint

244 3953 333 4008 die
356 3954 779 4025 wiederdoepers
817 3958 1092 4026 gewicken
1128 3973 1209 4027 up
1248 3957 1302 4012 S.
1329 3956 1683 4011 Lambertz
1720 3954 1966 4010 kercke
2002 3971 2083 4026 up
2119 3955 2241 4009 den
2279 3952 2592 4009 doemhof

243 4042 378 4096 und
412 4041 680 4099 hebben
728 4043 1012 4100 (18111011
1067 4045 1522 4116 geschotten.“
1600 4042 1853 4098 Gemeint
1886 4045 1963 4098 ist
1995 4042 2138 4098 wohl
2173 4043 2262 4097 die
2296 4042 2584 4098 1110118018-

242 4131 472 4201 kapelle.
512 4161 579 4171 —
637 4130 683 4198 ²)
719 4133 899 4188 Heute
936 4134 1024 4189 die
1059 4135 1210 4190 Buxe
1259 4137 1516 4204 genannt.
1555 4161 1622 4173 --
1684 4132 1728 4199 ⁸)
1764 4132 1832 4186 In
1869 4131 1958 4186 die
1995 4130 2476 4186 Johannisstrarse.
2514 4157 2584 4170 —

243 4219 287 4286 ⁴)
323 4219 511 4274 Dutch
548 4219 636 4275 die
681 4220 1055 4291 Pferdegasse.
1111 4252 1178 4262 —
1234 4222 1280 4292 ⁶)
1316 4222 1451 4277 Hier
1502 4219 1728 4275 beriihrt
1778 4220 1961 4274 Kerss.
1999 4220 2087 4274 die
2121 4218 2377 4288 wichtige
2413 4217 2583 4273 That-

240 4307 428 4375 sache,
484 4307 604 4364 dats
642 4308 729 4363 dic
765 4309 953 4364 Pforte
989 4310 1331 4380 geschlossen
1366 4309 1537 4378 ward,
1586 4307 1758 4361 durch
1793 4307 1993 4362 welche
2029 4307 2117 4362 die
2153 4306 2583 4375 Landsknechte,

240 4412 345 4450 1011
380 4395 533 4451 Hans
568 4414 674 4451 1011
710 4397 806 4452 der
842 4398 1275 4468 Langenstraten
1311 4397 1549 4468 gef'uhrn
1592 4397 1652 4450 in
1688 4396 1776 4450 die
1813 4394 1976 4450 Stadt
2010 4394 2267 4466 drangen‚
2304 4411 2409 4450 nur
2443 4410 2583 4466 ganz
