3259 5075
653 264 778 327 768
1512 260 1695 327 Anno
1752 263 1918 325 1535
1965 265 2122 326 3913.

872 440 969 503 16.
1019 436 1418 503 Christianus
1467 439 1584 502 sub
1630 456 1832 520 poena
1875 436 2090 500 ultimi
2153 436 2379 501 iudicii
2425 450 2602 502 cum·
2647 437 2838 501 fratre
2886 456 3007 502 suo

648 547 1067 609 mercaturam
1134 544 1402 625 pecunia
1468 542 1926 607 interveniente
1991 561 2116 607 303
2162 543 2500 625 exercebit,
2573 562 2775 626 neque
2836 542 3005 607 alius

648 651 848 716 alium
890 651 958 715 in
1007 648 1605 715 commutationibus
1652 648 1814 713 dolis
1862 650 1926 713 et
1969 647 2302 713 fraudibus
2351 650 2802 715 circumveniet
2821 653 2862 714 ¹.

869 759 967 822 17.
1016 756 1213 820 Ν9130
1262 754 1754 819 91111911330111111
1784 775 1857 820 ex
1887 774 2014 820 una
2060 755 2357 821 societate
2402 776 2508 821 seu
2548 756 3004 822 communitate

647 864 716 928 in
762 863 953 928 aliam
1001 861 1359 945 recipietur,
1409 860 1537 925 nisi
1582 880 1648 926 se
1693 861 2092 926 innocentem
2136 863 2203 926 et
2246 862 2424 927 nullo
2470 863 2735 928 crimine
2782 864 3003 928 conta-

646 972 960 1036 minatum
1007 969 1325 1051 docuerit3
1392 968 1449 1035 si
1492 988 1638 1034 vero
1685 969 1871 1033 aliter
1916 969 2373 1091 deprehensum
2417 969 2630 1050 fuerit,
2682 969 2818 1033 sine
2865 969 3005 1034 ulla

644 1096 880 1161 poenae
926 1076 1293 1141 remissione
1339 1074 1704 1159 punietur.
1663 1077 1689 1114 ²

870 1184 966 1248 18.
1013 1182 1082 1248 Si
1112 1182 1465 1266 alienigena
1509 1181 1876 1248 christianis
1922 1182 2227 1247 inservire
2272 1182 2447 1264 velit,
2496 1201 2620 1247 non
2651 1183 2748 1247 est
2793 1181 3001 1264 repel—

644 1289 900 1371 19311119,
949 1288 1197 1353 etiamsi
1246 1287 1480 1371 spiritu
1525 1287 1810 1353 nondum
1853 1288 2015 1353 forte
2060 1287 2422 1353 illustratus
2467 1287 2659 1354 fidem
2704 1286 3002 1354 christia—

645 1414 874 1460 norum
919 1394 1217 1477 amplecti
1265 1392 1559 1458 noluerit.
1639 1393 2011 1477 Quicunque
2056 1414 2182 1460 non
2214 1394 2622 1477 convitiandi,
2670 1394 2779 1459 sed
2810 1394 3002 1459 fami-

644 1499 891 1565 liariter
920 1499 1291 1565 convivendi
1321 1500 1530 1566 animo
1562 1519 1709 1565 cum
1743 1500 2108 1566 christianis
2140 1501 2506 1583 amicitiam,
2553 1503 2997 1582 mercaturam,

644 1606 912 1687 foedera,
934 1606 1119 1690 pacta
1142 1624 1252 1671 seu
1275 1603 1716 1671 conventiones
1740 1606 1943 1672 facere
1968 1607 2246 1690 cupiant,
2267 1607 2528 1672 minime
2551 1608 2938 1691 repellentur
2955 1609 3000 1672 ³.

866 1714 963 1777 19.
1014 1711 1083 1777 Si
1113 1711 1448 1796 quisquam
1495 1712 1562 1776 13
1609 1711 1997 1796 praesidium
2043 1713 2536 1778 christianorum
2576 1716 3000 1779 commeatum

645 1819 891 1903 aliaque
936 1819 1105 1883 vitae
1172 1820 1520 1884 necessaria
1565 1819 1870 1885 advehere
1914 1839 2150 1903 proque
2212 1819 2532 1885 tolerabili
2579 1818 2782 1902 pretio
2828 1819 2999 1883 inter

643 1925 814 2009 ipsos
862 1925 1211 1990 distrahere
1258 1925 1536 2008 aliasque
1568 1925 2025 2007 negotiationes
2057 1944 2204 1990 cum
2251 1925 2383 1990 illis
2416 1943 2695 1990 exercere
2741 1925 2998 1990 affecta—

642 2031 824 2113 verit,
866 2031 967 2095 illi
1010 2031 1268 2113 publica
1312 2030 1561 2095 itineris
1608 2031 1871 2096 libertas
1916 2032 2343 2114 praestabitur
2359 2033 2404 2096 ⁴.

858 2139 962 2202 20.
1009 2137 1207 2202 Nemo
1256 2136 1745 2201 christianorum
1790 2137 2195 2220 magistratui
2237 2136 2507 2217 ethnico,
2556 2136 2668 2220 qui
2713 2135 2998 2201 nondum

642 2243 906 2308 verbum
949 2242 1068 2307 Dei
1115 2242 1363 2307 audivit
1409 2243 1472 2305 et
1516 2242 1586 2305 in
1632 2261 1703 2306 eo
1751 2243 2034 2307 nondum
2078 2242 2335 2307 edoctus
2383 2244 2496 2323 est,
2548 2262 2678 2307 sese
2726 2243 3000 2325 opponet

642 2348 1022 2413 damnumve
1066 2348 1313 2430 inferet,
1352 2348 1406 2413 si
1437 2348 1752 2413 neminem
1786 2349 1865 2413 ad
1903 2348 2414 2413 incredulitatem
2445 2350 2558 2413 aut
2601 2348 2996 2431 impietatem

641 2454 890 2539 adigat3
941 2455 1048 2519 sed
1080 2455 1466 2538 Babylonica
1510 2455 1800 2538 tyrannis
1847 2455 2242 2520 sacerdotum
2272 2457 2335 2519 et
2370 2455 2818 2519 monachorum
2849 2473 2997 2518 cum

641 2562 934 2627 omnibus
997 2561 1127 2626 suis
1188 2563 1444 2627 asseclis
1491 2564 1554 2627 et
1600 2563 2126 2644 assentatoribus,
2197 2563 2308 2647 qui
2355 2561 2671 2628 iustitiam
2714 2561 2836 2626 Dei
2882 2580 2996 2642 per

855 2754 906 2824 ²)
941 2752 1073 2818 fehlt
1112 2756 1185 2807 im
1221 2756 1329 2809 ΜΒ.

638 2985 913 3042 derumme
940 3003 1065 3041 9193
1089 2986 1322 3040 vianden
1340 2985 1621 3040 dienstbar
1648 2986 1946 3056 geworden,
1974 2984 2078 3040 dcn
2105 2984 2357 3040 Christen
2384 2984 2645 3040 overmals
2672 2987 2730 3040 to
2750 2983 2992 3039 denende

636 3074 889 3145 begerde‚
927 3074 1033 3129 sall
1068 3093 1191 3130 men
1228 3074 1383 3129 nicht
1420 3091 1702 3143 annemen,
1740 3074 1885 3128 dann
1922 3073 2232 3129 9111191193.ιι

857 3179 901 3250 ¹)
939 3181 1115 3250 „Gein
1142 3180 1394 3236 Christen
1432 3180 1536 3235 sall
1562 3182 1668 3235 mit
1692 3182 1864 3236 sinem
1887 3180 2083 3235 broder
2107 3181 2236 3235 umb
2262 3180 2380 3252 gelt
2415 3180 2570 3235 nicht
2593 3178 2992 3252 koepschlagen

636 3269 709 3339 by
745 3268 881 3324 lives
919 3270 1108 3339 stracf,
1145 3270 1244 3324 ock
1281 3272 1384 3324 mit
1421 3271 1577 3339 giner
1611 3268 1960 3340 bedregunge
1998 3270 2099 3324 offt
2136 3270 2365 3341 argelist
2398 3269 2687 3339 1133119193,
2725 3268 2824 3324 1131
2846 3288 2910 3340 sy
2934 3271 2992 3324 in

636 3357 973 3428 butenschap
1013 3358 1176 3413 edder
1211 3358 1586 3427 umbslagen.“
1658 3357 1786 3429 Vgl.
1824 3357 1964 3414 auch
2002 3358 2142 3413 oben
2179 3359 2236 3413 S.
2272 3359 2377 3413 561
2414 3375 2469 3414 11.
2507 3359 2608 3413 651
2649 3357 2805 3413 Anm.

853 3445 898 3514 ει)
937 3446 1215 3514 „Nemant
1263 3446 1364 3499 uth
1400 3446 1504 3500 den
1541 3446 1837 3500 broederen
1895 3445 2000 3500 sall
2035 3445 2138 3501 uth
2173 3445 2270 3501 der
2306 3447 2455 3501 einer
2490 3446 2764 3516 gemeinte
2800 3447 2860 3500 in
2895 3446 2994 3500 der

637 3532 807 3588 ander
830 3534 1127 3604 entfangen
1150 3534 1383 3603 werden,
1417 3533 1487 3588 he
1511 3534 1755 3588 bekenne
1782 3533 1853 3589 da
1881 3534 1997 3589 sick
2021 3551 2091 3588 an
2117 3533 2264 3589 allen
2288 3536 2596 3605 gemeinten
2630 3533 2992 3589 unschuldich

635 3625 694 3677 to
714 3621 824 3688 sin3
845 3639 924 3675 wo
945 3622 1155 3692 anders,
1171 3622 1275 3679 sall
1296 3638 1398 3676 ane
1417 3620 1643 3692 genade,
1660 3640 1719 3677 so
1734 3622 1828 3677 eth
1847 3622 2118 3677 befunden
2135 3623 2334 3692 wurde,
2355 3622 2708 3693 gestraeffeth
2726 3621 2993 3678 werden.“

852 3709 900 3779 ⁸)
938 3710 1046 3779 „So
1084 3713 1171 3765 ein
1210 3709 1598 3766 frembdelinck
1654 3710 1726 3780 by
1764 3710 1869 3765 den
1907 3709 2159 3766 Christen
2197 3714 2255 3766 to
2291 3710 2488 3765 dienen
2523 3710 2777 3782 begerde,
2830 3710 2989 3765 mach

633 3798 763 3854 wall
799 3816 1135 3869 angenamen
1171 3799 1401 3869 werden,
1456 3798 1665 3854 wowall
1701 3798 1771 3854 he
1807 3799 1913 3854 den
1958 3800 2184 3871 geloven
2222 3800 2318 3855 der
2354 3799 2624 3869 Christen,
2681 3817 2741 3855 er
2777 3799 2882 3855 dan
2919 3799 2991 3854 he

635 3888 730 3943 des
754 3891 1001 3942 ver-stant
1024 3887 1204 3958 krege,
1241 3888 1397 3942 nicht
1418 3887 1787 3958 verwilligede
1819 3891 2167 3954 antonemen3
2206 3889 2306 3942 ock
2330 3905 2389 3942 so
2417 3887 2617 3943 welcke
2643 3887 2710 3942 de
2736 3887 2992 3942 Christen

632 3976 790 4032 nicht
812 3980 872 4031 to
902 3977 1199 4047 beledigen‚
1236 3976 1345 4030 dan
1369 3974 1705 4030 fruntlicken
1739 3977 1844 4031 mit
1868 3993 1972 4031 933
1997 3976 2267 4031 1133119193
2303 3975 2416 4030 und
2451 3976 2725 4031 lefflicken
2756 3977 2861 4030 mit
2884 3992 2992 4030 933

634 4065 928 4136 verdregen
966 4065 1198 4136 begeren
1225 4065 1434 4134 wollen,
1473 4063 1647 4119 sollen
1683 4065 1840 4120 nicht
1874 4067 2082 4120 verstot
2117 4064 2219 4120 offt
2254 4064 2686 4136 uthgeschlagen
2723 4063 2992 4121 werden.“

850 4154 897 4220 ⁴)
936 4153 1043 4222 „So
1081 4157 1301 4223 eymant
1336 4152 1442 4208 den
1479 4152 1733 4207 Christeu
1769 4157 1829 4208 10
1866 4154 2006 4209 911111
2040 4153 2302 4223 proviand
2337 4153 2450 4208 und
2486 4153 2742 4208 noittroft
2777 4153 2992 4208 toforen

632 4240 807 4297 wolde
843 4241 957 4296 und
993 4241 1122 4296 umb
1158 4241 1412 4297 temelike
1467 4241 1844 4313 koepenschap
1881 4245 1941 4297 to
1976 4241 2248 4297 1133119193
2302 4242 2562 4313 begerde,
2616 4242 2721 4297 9311
2757 4243 2818 4296 13
2852 4240 2994 4297 aller

638 4330 898 4385 velicheit
933 4329 1201 4401 gehalden
1236 4329 1504 4386 werden.“
