<?xml version="1.0" encoding="UTF-8"?>
<!DOCTYPE html PUBLIC "-//W3C//DTD XHTML 1.0 Transitional//EN"
    "http://www.w3.org/TR/xhtml1/DTD/xhtml1-transitional.dtd">
<html xmlns="http://www.w3.org/1999/xhtml" xml:lang="en" lang="en">
 <head>
  <title>
</title>
<meta http-equiv="Content-Type" content="text/html;charset=utf-8" />
  <meta name='ocr-system' content='tesseract 3.04.00' />
  <meta name='ocr-capabilities' content='ocr_page ocr_carea ocr_par ocr_line ocrx_word'/>
</head>
<body>
  <div class='ocr_page' id='page_1' title='image "./hermanniakersse00westgoog_0182.png"; bbox 0 0 3259 5075; ppageno 0'>
   <div class='ocr_carea' id='block_1_1' title="bbox 594 308 2072 375">
    <p class='ocr_par' dir='ltr' id='par_1_1' title="bbox 594 308 2072 375">
     <span class='ocr_line' id='line_1_1' title="bbox 594 308 2072 375; baseline 0.001 -1"><span class='ocrx_word' id='word_1_1' title='bbox 594 310 725 375; x_wconf 79' lang='lat'>558</span> <span class='ocrx_word' id='word_1_2' title='bbox 1457 308 1641 374; x_wconf 88' lang='lat' dir='ltr'>Anno</span> <span class='ocrx_word' id='word_1_3' title='bbox 1697 310 1866 375; x_wconf 86' lang='lat'><strong>1534</strong></span> <span class='ocrx_word' id='word_1_4' title='bbox 1912 311 2072 375; x_wconf 85' lang='lat' dir='ltr'>acta.</span> 
     </span>
    </p>
   </div>
   <div class='ocr_carea' id='block_1_2' title="bbox 305 485 2955 3336">
    <p class='ocr_par' dir='ltr' id='par_1_2' title="bbox 305 485 2955 3336">
     <span class='ocr_line' id='line_1_2' title="bbox 593 485 2953 570; baseline 0.001 -18"><span class='ocrx_word' id='word_1_5' title='bbox 593 486 718 552; x_wconf 86' lang='lat' dir='ltr'>fide</span> <span class='ocrx_word' id='word_1_6' title='bbox 748 485 1118 551; x_wconf 86' lang='lat' dir='ltr'>convehant.</span> <span class='ocrx_word' id='word_1_7' title='bbox 1183 485 1271 551; x_wconf 88' lang='lat' dir='ltr'>Hi</span> <span class='ocrx_word' id='word_1_8' title='bbox 1302 485 1644 569; x_wconf 88' lang='lat' dir='ltr'>prophetae</span> <span class='ocrx_word' id='word_1_9' title='bbox 1675 485 1880 551; x_wconf 88' lang='lat' dir='ltr'>edicto</span> <span class='ocrx_word' id='word_1_10' title='bbox 1926 487 2215 570; x_wconf 83' lang='lat' dir='ltr'>parentes</span> <span class='ocrx_word' id='word_1_11' title='bbox 2245 488 2471 569; x_wconf 77' lang='lat' dir='ltr'>vestes,</span> <span class='ocrx_word' id='word_1_12' title='bbox 2519 486 2735 570; x_wconf 84' lang='lat' dir='ltr'>lectos,</span> <span class='ocrx_word' id='word_1_13' title='bbox 2785 491 2953 554; x_wconf 84' lang='lat' dir='ltr'>stra-</span> 
     </span>
     <span class='ocr_line' id='line_1_3' title="bbox 593 591 2948 676; baseline 0.002 -20"><span class='ocrx_word' id='word_1_14' title='bbox 593 593 774 676; x_wconf 84' lang='lat' dir='ltr'>gula,</span> <span class='ocrx_word' id='word_1_15' title='bbox 844 591 1047 675; x_wconf 86' lang='lat' dir='ltr'>pictos</span> <span class='ocrx_word' id='word_1_16' title='bbox 1094 593 1363 675; x_wconf 85' lang='lat' dir='ltr'>tapetes,</span> <span class='ocrx_word' id='word_1_17' title='bbox 1415 591 1714 675; x_wconf 81' lang='lat' dir='ltr'>spondas,</span> <span class='ocrx_word' id='word_1_18' title='bbox 1772 592 2189 674; x_wconf 85' lang='lat' dir='ltr'>frumentum,</span> <span class='ocrx_word' id='word_1_19' title='bbox 2239 612 2439 675; x_wconf 87' lang='lat' dir='ltr'>arma,</span> <span class='ocrx_word' id='word_1_20' title='bbox 2490 593 2717 675; x_wconf 87' lang='lat' dir='ltr'>ahena,</span> <span class='ocrx_word' id='word_1_21' title='bbox 2768 595 2948 676; x_wconf 54' lang='lat' dir='ltr'>olla-³1,</span> 
     </span>
     <span class='ocr_line' id='line_1_4' title="bbox 594 697 2953 783; baseline 0.001 -20"><span class='ocrx_word' id='word_1_22' title='bbox 594 698 802 763; x_wconf 84' lang='lat' dir='ltr'>lances</span> <span class='ocrx_word' id='word_1_23' title='bbox 872 700 1188 778; x_wconf 76' lang='lat' dir='ltr'>stanneaS,</span> <span class='ocrx_word' id='word_1_24' title='bbox 1237 697 1582 779; x_wconf 84' lang='lat' dir='ltr'>carchesia,</span> <span class='ocrx_word' id='word_1_25' title='bbox 1647 698 1875 781; x_wconf 89' lang='lat' dir='ltr'>pocula</span> <span class='ocrx_word' id='word_1_26' title='bbox 1919 697 2223 783; x_wconf 89' lang='lat' dir='ltr'>cuiusque</span> <span class='ocrx_word' id='word_1_27' title='bbox 2268 700 2543 783; x_wconf 79' lang='lat' dir='ltr'>generis,</span> <span class='ocrx_word' id='word_1_28' title='bbox 2613 700 2822 766; x_wconf 91' lang='lat' dir='ltr'>linum</span> <span class='ocrx_word' id='word_1_29' title='bbox 2867 701 2953 766; x_wconf 92' lang='lat' dir='ltr'>li-</span> 
     </span>
     <span class='ocr_line' id='line_1_5' title="bbox 595 804 2954 890; baseline 0.002 -21"><span class='ocrx_word' id='word_1_30' title='bbox 595 823 906 889; x_wconf 87' lang='lat' dir='ltr'>neumque</span> <span class='ocrx_word' id='word_1_31' title='bbox 938 823 1220 887; x_wconf 88' lang='lat' dir='ltr'>pannum</span> <span class='ocrx_word' id='word_1_32' title='bbox 1243 806 1308 869; x_wconf 90' lang='lat' dir='ltr'>et</span> <span class='ocrx_word' id='word_1_33' title='bbox 1335 804 1639 887; x_wconf 88' lang='lat' dir='ltr'>quicquid</span> <span class='ocrx_word' id='word_1_34' title='bbox 1673 804 2087 887; x_wconf 86' lang='lat' dir='ltr'>supellectilis</span> <span class='ocrx_word' id='word_1_35' title='bbox 2120 805 2616 890; x_wconf 86' lang='lat' dir='ltr'>deprehendunt,</span> <span class='ocrx_word' id='word_1_36' title='bbox 2653 808 2954 874; x_wconf 81' lang='lat' dir='ltr'>auferunt</span> 
     </span>
     <span class='ocr_line' id='line_1_6' title="bbox 595 910 2952 997; baseline 0.001 -20"><span class='ocrx_word' id='word_1_37' title='bbox 595 913 729 977; x_wconf 84' lang='lat' dir='ltr'>tam</span> <span class='ocrx_word' id='word_1_38' title='bbox 774 931 1123 995; x_wconf 89' lang='lat' dir='ltr'>pauperum</span> <span class='ocrx_word' id='word_1_39' title='bbox 1170 930 1361 994; x_wconf 85' lang='lat' dir='ltr'>quam</span> <span class='ocrx_word' id='word_1_40' title='bbox 1393 910 1666 975; x_wconf 85' lang='lat' dir='ltr'>divitum</span> <span class='ocrx_word' id='word_1_41' title='bbox 1711 911 1983 994; x_wconf 86' lang='lat' dir='ltr'>parietes</span> <span class='ocrx_word' id='word_1_42' title='bbox 2030 911 2436 996; x_wconf 88' lang='lat' dir='ltr'>denudantes,</span> <span class='ocrx_word' id='word_1_43' title='bbox 2486 913 2766 997; x_wconf 88' lang='lat' dir='ltr'>signatas</span> <span class='ocrx_word' id='word_1_44' title='bbox 2803 934 2952 980; x_wconf 87' lang='lat' dir='ltr'>vero</span> 
     </span>
     <span class='ocr_line' id='line_1_7' title="bbox 595 1015 2947 1104; baseline 0.001 -22"><span class='ocrx_word' id='word_1_45' title='bbox 595 1016 958 1082; x_wconf 79' lang='lat' dir='ltr'>reddituum</span> <span class='ocrx_word' id='word_1_46' title='bbox 1002 1017 1219 1082; x_wconf 87' lang='lat' dir='ltr'>literas</span> <span class='ocrx_word' id='word_1_47' title='bbox 1253 1015 1451 1100; x_wconf 89' lang='lat' dir='ltr'>signis</span> <span class='ocrx_word' id='word_1_48' title='bbox 1485 1016 1784 1081; x_wconf 88' lang='lat' dir='ltr'>detractis</span> <span class='ocrx_word' id='word_1_49' title='bbox 1818 1017 2150 1100; x_wconf 75' lang='lat' dir='ltr'><strong>dissecant,</strong></span> <span class='ocrx_word' id='word_1_50' title='bbox 2186 1018 2475 1100; x_wconf 86' lang='lat' dir='ltr'>apochas,</span> <span class='ocrx_word' id='word_1_51' title='bbox 2510 1019 2947 1104; x_wconf 84' lang='lat' dir='ltr'>chirographa,</span> 
     </span>
     <span class='ocr_line' id='line_1_8' title="bbox 597 1121 2952 1208; baseline 0 -19"><span class='ocrx_word' id='word_1_52' title='bbox 597 1124 916 1189; x_wconf 87' lang='lat' dir='ltr'>rationum</span> <span class='ocrx_word' id='word_1_53' title='bbox 961 1122 1157 1188; x_wconf 90' lang='lat' dir='ltr'>libros</span> <span class='ocrx_word' id='word_1_54' title='bbox 1206 1125 1269 1187; x_wconf 91' lang='lat' dir='ltr'>et</span> <span class='ocrx_word' id='word_1_55' title='bbox 1313 1121 1707 1187; x_wconf 88' lang='lat' dir='ltr'>diversorum</span> <span class='ocrx_word' id='word_1_56' title='bbox 1755 1125 2195 1188; x_wconf 78' lang='lat' dir='ltr'>contractuum</span> <span class='ocrx_word' id='word_1_57' title='bbox 2239 1124 2488 1189; x_wconf 86' lang='lat' dir='ltr'>tabulas</span> <span class='ocrx_word' id='word_1_58' title='bbox 2535 1144 2760 1208; x_wconf 85' lang='lat' dir='ltr'>magno</span> <span class='ocrx_word' id='word_1_59' title='bbox 2801 1145 2952 1189; x_wconf 84' lang='lat' dir='ltr'>exu-</span> 
     </span>
     <span class='ocr_line' id='line_1_9' title="bbox 596 1228 2952 1313; baseline 0 -19"><span class='ocrx_word' id='word_1_60' title='bbox 596 1229 871 1295; x_wconf 88' lang='lat' dir='ltr'>lantium</span> <span class='ocrx_word' id='word_1_61' title='bbox 917 1228 1310 1294; x_wconf 90' lang='lat' dir='ltr'>incommodo</span> <span class='ocrx_word' id='word_1_62' title='bbox 1358 1232 1644 1311; x_wconf 85' lang='lat' dir='ltr'>exurunt,</span> <span class='ocrx_word' id='word_1_63' title='bbox 1718 1248 1907 1294; x_wconf 89' lang='lat' dir='ltr'>aurea</span> <span class='ocrx_word' id='word_1_64' title='bbox 1953 1248 2097 1294; x_wconf 85' lang='lat' dir='ltr'>vero</span> <span class='ocrx_word' id='word_1_65' title='bbox 2145 1232 2560 1313; x_wconf 87' lang='lat' dir='ltr'>argenteaque</span> <span class='ocrx_word' id='word_1_66' title='bbox 2607 1229 2952 1295; x_wconf 81' lang='lat' dir='ltr'>mulierum</span> 
     </span>
     <span class='ocr_line' id='line_1_10' title="bbox 599 1335 2951 1420; baseline 0 -19"><span class='ocrx_word' id='word_1_67' title='bbox 599 1337 988 1418; x_wconf 89' lang='lat' dir='ltr'>ornamenta,</span> <span class='ocrx_word' id='word_1_68' title='bbox 1061 1336 1325 1400; x_wconf 90' lang='lat' dir='ltr'>annulos</span> <span class='ocrx_word' id='word_1_69' title='bbox 1372 1337 1436 1400; x_wconf 90' lang='lat' dir='ltr'>et</span> <span class='ocrx_word' id='word_1_70' title='bbox 1480 1335 1814 1418; x_wconf 88' lang='lat' dir='ltr'>pecuniam</span> <span class='ocrx_word' id='word_1_71' title='bbox 1860 1335 1939 1400; x_wconf 91' lang='lat' dir='ltr'>ad</span> <span class='ocrx_word' id='word_1_72' title='bbox 1986 1335 2226 1400; x_wconf 89' lang='lat' dir='ltr'>curiam</span> <span class='ocrx_word' id='word_1_73' title='bbox 2292 1335 2721 1420; x_wconf 84' lang='lat' dir='ltr'>graphiariam</span> <span class='ocrx_word' id='word_1_74' title='bbox 2781 1336 2951 1402; x_wconf 89' lang='lat' dir='ltr'>defe-</span> 
     </span>
     <span class='ocr_line' id='line_1_11' title="bbox 305 1441 2953 1533; baseline -0.004 -14"><span class='ocrx_word' id='word_1_75' title='bbox 305 1460 410 1533; x_wconf 66' lang='grc' dir='ltr'>Ἴ).</span> <span class='ocrx_word' id='word_1_76' title='bbox 446 1459 573 1517; x_wconf 82' lang='lat'>474.</span> <span class='ocrx_word' id='word_1_77' title='bbox 598 1444 753 1509; x_wconf 89' lang='lat' dir='ltr'>runt</span> <span class='ocrx_word' id='word_1_78' title='bbox 773 1446 813 1507; x_wconf 85' lang='lat'>¹.</span> <span class='ocrx_word' id='word_1_79' title='bbox 910 1443 1077 1508; x_wconf 89' lang='lat' dir='ltr'>Hinc</span> <span class='ocrx_word' id='word_1_80' title='bbox 1124 1443 1340 1507; x_wconf 91' lang='lat' dir='ltr'>eodem</span> <span class='ocrx_word' id='word_1_81' title='bbox 1400 1442 1707 1526; x_wconf 86' lang='lat' dir='ltr'>propheta</span> <span class='ocrx_word' id='word_1_82' title='bbox 1767 1442 2027 1508; x_wconf 90' lang='lat' dir='ltr'>iubente</span> <span class='ocrx_word' id='word_1_83' title='bbox 2073 1442 2142 1507; x_wconf 91' lang='lat' dir='ltr'>in</span> <span class='ocrx_word' id='word_1_84' title='bbox 2185 1443 2452 1508; x_wconf 89' lang='lat' dir='ltr'>tertium</span> <span class='ocrx_word' id='word_1_85' title='bbox 2497 1462 2696 1527; x_wconf 89' lang='lat' dir='ltr'>usque</span> <span class='ocrx_word' id='word_1_86' title='bbox 2743 1441 2953 1510; x_wconf 74' lang='lat' dir='ltr'>*diem</span> 
     </span>
     <span class='ocr_line' id='line_1_12' title="bbox 598 1547 2948 1635; baseline 0 -21"><span class='ocrx_word' id='word_1_87' title='bbox 598 1551 675 1615; x_wconf 91' lang='lat' dir='ltr'>fit</span> <span class='ocrx_word' id='word_1_88' title='bbox 722 1549 1096 1632; x_wconf 83' lang='lat' dir='ltr'>deprecatio,</span> <span class='ocrx_word' id='word_1_89' title='bbox 1166 1551 1242 1613; x_wconf 91' lang='lat' dir='ltr'>ut</span> <span class='ocrx_word' id='word_1_90' title='bbox 1286 1548 1476 1614; x_wconf 90' lang='lat' dir='ltr'>Pater</span> <span class='ocrx_word' id='word_1_91' title='bbox 1520 1547 1735 1613; x_wconf 87' lang='lat' dir='ltr'>divino</span> <span class='ocrx_word' id='word_1_92' title='bbox 1798 1568 1911 1614; x_wconf 93' lang='lat' dir='ltr'>suo</span> <span class='ocrx_word' id='word_1_93' title='bbox 1958 1551 2123 1614; x_wconf 89' lang='lat' dir='ltr'>nutu</span> <span class='ocrx_word' id='word_1_94' title='bbox 2170 1551 2409 1632; x_wconf 82' lang='lat' dir='ltr'>septem</span> <span class='ocrx_word' id='word_1_95' title='bbox 2454 1549 2624 1615; x_wconf 80' lang='lat' dir='ltr'>viros</span> <span class='ocrx_word' id='word_1_96' title='bbox 2687 1549 2948 1635; x_wconf 79' lang='lat' dir='ltr'>deligat,</span> 
     </span>
     <span class='ocr_line' id='line_1_13' title="bbox 599 1655 2952 1742; baseline 0 -21"><span class='ocrx_word' id='word_1_97' title='bbox 599 1656 711 1742; x_wconf 89' lang='lat' dir='ltr'>qui</span> <span class='ocrx_word' id='word_1_98' title='bbox 757 1656 938 1721; x_wconf 91' lang='lat' dir='ltr'>bonis</span> <span class='ocrx_word' id='word_1_99' title='bbox 970 1656 1113 1720; x_wconf 86' lang='lat' dir='ltr'>istis</span> <span class='ocrx_word' id='word_1_100' title='bbox 1146 1655 1461 1720; x_wconf 77' lang='lat' dir='ltr'>convectis</span> <span class='ocrx_word' id='word_1_101' title='bbox 1507 1656 1790 1739; x_wconf 85' lang='lat' dir='ltr'>praesint</span> <span class='ocrx_word' id='word_1_102' title='bbox 1821 1658 1885 1721; x_wconf 87' lang='lat' dir='ltr'>et</span> <span class='ocrx_word' id='word_1_103' title='bbox 1930 1655 2200 1740; x_wconf 83' lang='lat' dir='ltr'>singulis</span> <span class='ocrx_word' id='word_1_104' title='bbox 2234 1656 2597 1721; x_wconf 86' lang='lat' dir='ltr'>christianis</span> <span class='ocrx_word' id='word_1_105' title='bbox 2644 1656 2952 1722; x_wconf 84' lang='lat' dir='ltr'>fratribus</span> 
     </span>
     <span class='ocr_line' id='line_1_14' title="bbox 599 1761 2952 1847; baseline -0 -19"><span class='ocrx_word' id='word_1_106' title='bbox 599 1783 712 1847; x_wconf 92' lang='lat' dir='ltr'>pro</span> <span class='ocrx_word' id='word_1_107' title='bbox 760 1763 1130 1828; x_wconf 79' lang='lat' dir='ltr'>necessitate</span> <span class='ocrx_word' id='word_1_108' title='bbox 1197 1763 1472 1827; x_wconf 70' lang='lat' dir='ltr'>fideliter</span> <span class='ocrx_word' id='word_1_109' title='bbox 1515 1780 1585 1826; x_wconf 90' lang='lat' dir='ltr'>ea</span> <span class='ocrx_word' id='word_1_110' title='bbox 1632 1761 2015 1845; x_wconf 83' lang='lat' dir='ltr'>dispensent.</span> <span class='ocrx_word' id='word_1_111' title='bbox 2109 1763 2228 1828; x_wconf 91' lang='lat' dir='ltr'>Die</span> <span class='ocrx_word' id='word_1_112' title='bbox 2275 1782 2418 1828; x_wconf 85' lang='lat' dir='ltr'>vero</span> <span class='ocrx_word' id='word_1_113' title='bbox 2483 1763 2672 1828; x_wconf 88' lang='lat' dir='ltr'>tertio</span> <span class='ocrx_word' id='word_1_114' title='bbox 2733 1762 2952 1827; x_wconf 82' lang='lat' dir='ltr'>divino</span> 
     </span>
     <span class='ocr_line' id='line_1_15' title="bbox 601 1868 2949 1952; baseline -0 -17"><span class='ocrx_word' id='word_1_115' title='bbox 601 1871 851 1935; x_wconf 86' lang='lat' dir='ltr'>oraculo</span> <span class='ocrx_word' id='word_1_116' title='bbox 900 1870 1014 1934; x_wconf 92' lang='lat' dir='ltr'>hos</span> <span class='ocrx_word' id='word_1_117' title='bbox 1061 1869 1185 1934; x_wconf 86' lang='lat' dir='ltr'>sibi</span> <span class='ocrx_word' id='word_1_118' title='bbox 1231 1868 1514 1952; x_wconf 89' lang='lat' dir='ltr'>proditos</span> <span class='ocrx_word' id='word_1_119' title='bbox 1561 1888 1697 1934; x_wconf 88' lang='lat' dir='ltr'>esse</span> <span class='ocrx_word' id='word_1_120' title='bbox 1742 1868 2160 1952; x_wconf 80' lang='lat' dir='ltr'>proclamat²z</span> <span class='ocrx_word' id='word_1_121' title='bbox 2225 1868 2592 1934; x_wconf 88' lang='lat' dir='ltr'>Leddanum</span> <span class='ocrx_word' id='word_1_122' title='bbox 2637 1869 2949 1951; x_wconf 85' lang='lat' dir='ltr'>villicum,</span> 
     </span>
     <span class='ocr_line' id='line_1_16' title="bbox 599 1974 2952 2060; baseline -0 -19"><span class='ocrx_word' id='word_1_123' title='bbox 599 1976 937 2042; x_wconf 81' lang='lat' dir='ltr'>Albertum</span> <span class='ocrx_word' id='word_1_124' title='bbox 983 1976 1386 2059; x_wconf 85' lang='lat' dir='ltr'>Heytterum,</span> <span class='ocrx_word' id='word_1_125' title='bbox 1436 1975 1546 2060; x_wconf 89' lang='lat' dir='ltr'>qui</span> <span class='ocrx_word' id='word_1_126' title='bbox 1591 1975 1940 2040; x_wconf 88' lang='lat' dir='ltr'>Hermanni</span> <span class='ocrx_word' id='word_1_127' title='bbox 1985 1975 2238 2040; x_wconf 87' lang='lat' dir='ltr'>Foeckii</span> <span class='ocrx_word' id='word_1_128' title='bbox 2284 1974 2485 2039; x_wconf 89' lang='lat' dir='ltr'>filiam</span> <span class='ocrx_word' id='word_1_129' title='bbox 2528 1993 2785 2041; x_wconf 83' lang='lat' dir='ltr'>uxorem</span> <span class='ocrx_word' id='word_1_130' title='bbox 2829 1976 2952 2040; x_wconf 91' lang='lat' dir='ltr'>du-</span> 
     </span>
     <span class='ocr_line' id='line_1_17' title="bbox 598 2080 2951 2164; baseline -0.001 -16"><span class='ocrx_word' id='word_1_131' title='bbox 598 2085 798 2163; x_wconf 86' lang='lat' dir='ltr'>xerat,</span> <span class='ocrx_word' id='word_1_132' title='bbox 848 2082 1241 2147; x_wconf 89' lang='lat' dir='ltr'>Bernardum</span> <span class='ocrx_word' id='word_1_133' title='bbox 1288 2080 1845 2146; x_wconf 84' lang='lat' dir='ltr'>Havickhorstinm</span> <span class='ocrx_word' id='word_1_134' title='bbox 1891 2081 2196 2164; x_wconf 89' lang='lat' dir='ltr'>villicum,</span> <span class='ocrx_word' id='word_1_135' title='bbox 2244 2081 2679 2146; x_wconf 87' lang='lat' dir='ltr'>Hermannum</span> <span class='ocrx_word' id='word_1_136' title='bbox 2722 2081 2951 2146; x_wconf 86' lang='lat' dir='ltr'>Alber-</span> 
     </span>
     <span class='ocr_line' id='line_1_18' title="bbox 598 2188 2951 2273; baseline 0.001 -21"><span class='ocrx_word' id='word_1_137' title='bbox 598 2188 851 2270; x_wconf 74' lang='lat' dir='ltr'>tingum</span> <span class='ocrx_word' id='word_1_138' title='bbox 899 2207 936 2252; x_wconf 89' lang='lat' dir='ltr'>a</span> <span class='ocrx_word' id='word_1_139' title='bbox 976 2188 1150 2253; x_wconf 85' lang='lat' dir='ltr'>clave</span> <span class='ocrx_word' id='word_1_140' title='bbox 1195 2188 1706 2272; x_wconf 89' lang='lat' dir='ltr'>cognominatum</span> <span class='ocrx_word' id='word_1_141' title='bbox 1724 2189 1769 2270; x_wconf 79' lang='lat'>⁸,</span> <span class='ocrx_word' id='word_1_142' title='bbox 1819 2189 2252 2254; x_wconf 89' lang='lat' dir='ltr'>Hermannum</span> <span class='ocrx_word' id='word_1_143' title='bbox 2297 2188 2718 2273; x_wconf 80' lang='lat' dir='ltr'>Reyningum,</span> <span class='ocrx_word' id='word_1_144' title='bbox 2765 2188 2951 2254; x_wconf 93' lang='lat' dir='ltr'>Ioan-</span> 
     </span>
     <span class='ocr_line' id='line_1_19' title="bbox 599 2293 2951 2378; baseline 0.001 -20"><span class='ocrx_word' id='word_1_145' title='bbox 599 2313 745 2359; x_wconf 88' lang='lat' dir='ltr'>nem</span> <span class='ocrx_word' id='word_1_146' title='bbox 791 2293 1281 2359; x_wconf 86' lang='lat' dir='ltr'>Caterberchum</span> <span class='ocrx_word' id='word_1_147' title='bbox 1326 2294 1702 2359; x_wconf 84' lang='lat' dir='ltr'>Montanum</span> <span class='ocrx_word' id='word_1_148' title='bbox 1747 2293 1903 2359; x_wconf 84' lang='lat' dir='ltr'>alias</span> <span class='ocrx_word' id='word_1_149' title='bbox 1950 2294 2099 2359; x_wconf 88' lang='lat' dir='ltr'>thor</span> <span class='ocrx_word' id='word_1_150' title='bbox 2143 2294 2421 2378; x_wconf 82' lang='lat' dir='ltr'>Heyden,</span> <span class='ocrx_word' id='word_1_151' title='bbox 2471 2295 2804 2377; x_wconf 89' lang='lat' dir='ltr'>politorem</span> <span class='ocrx_word' id='word_1_152' title='bbox 2849 2315 2951 2360; x_wconf 87' lang='lat' dir='ltr'>ar-</span> 
     </span>
     <span class='ocr_line' id='line_1_20' title="bbox 599 2400 2950 2485; baseline 0.001 -21"><span class='ocrx_word' id='word_1_153' title='bbox 599 2419 847 2465; x_wconf 89' lang='lat' dir='ltr'>morum</span> <span class='ocrx_word' id='word_1_154' title='bbox 864 2400 910 2481; x_wconf 78' lang='lat'>⁴,</span> <span class='ocrx_word' id='word_1_155' title='bbox 980 2402 1046 2465; x_wconf 88' lang='lat' dir='ltr'>et</span> <span class='ocrx_word' id='word_1_156' title='bbox 1104 2400 1537 2465; x_wconf 89' lang='lat' dir='ltr'>Hermannum</span> <span class='ocrx_word' id='word_1_157' title='bbox 1583 2400 2021 2483; x_wconf 88' lang='lat' dir='ltr'>Bridorpium,</span> <span class='ocrx_word' id='word_1_158' title='bbox 2094 2419 2248 2485; x_wconf 90' lang='lat' dir='ltr'>quos</span> <span class='ocrx_word' id='word_1_159' title='bbox 2295 2420 2332 2465; x_wconf 87' lang='lat' dir='ltr'>a</span> <span class='ocrx_word' id='word_1_160' title='bbox 2375 2401 2754 2484; x_wconf 88' lang='lat' dir='ltr'>ministerio,</span> <span class='ocrx_word' id='word_1_161' title='bbox 2827 2420 2950 2485; x_wconf 92' lang='lat' dir='ltr'>quo</span> 
     </span>
     <span class='ocr_line' id='line_1_21' title="bbox 599 2506 2953 2591; baseline 0 -18"><span class='ocrx_word' id='word_1_162' title='bbox 599 2506 1046 2591; x_wconf 85' lang='lat' dir='ltr'>fungebantur,</span> <span class='ocrx_word' id='word_1_163' title='bbox 1119 2506 1411 2573; x_wconf 89' lang='lat' dir='ltr'>diaconos</span> <span class='ocrx_word' id='word_1_164' title='bbox 1481 2506 1841 2591; x_wconf 78' lang='lat' dir='ltr'>appellavit.</span> <span class='ocrx_word' id='word_1_165' title='bbox 1936 2507 2024 2572; x_wconf 90' lang='lat' dir='ltr'>Hi</span> <span class='ocrx_word' id='word_1_166' title='bbox 2070 2526 2107 2573; x_wconf 88' lang='lat' dir='ltr'>a</span> <span class='ocrx_word' id='word_1_167' title='bbox 2151 2507 2458 2591; x_wconf 87' lang='lat' dir='ltr'>propheta</span> <span class='ocrx_word' id='word_1_168' title='bbox 2511 2507 2821 2574; x_wconf 86' lang='lat' dir='ltr'>nominati</span> <span class='ocrx_word' id='word_1_169' title='bbox 2869 2507 2953 2573; x_wconf 87' lang='lat' dir='ltr'>ad</span> 
     </span>
     <span class='ocr_line' id='line_1_22' title="bbox 599 2613 2955 2698; baseline 0 -19"><span class='ocrx_word' id='word_1_170' title='bbox 599 2614 841 2679; x_wconf 91' lang='lat' dir='ltr'>Iulium</span> <span class='ocrx_word' id='word_1_171' title='bbox 886 2613 1164 2678; x_wconf 85' lang='lat' dir='ltr'>Frisium</span> <span class='ocrx_word' id='word_1_172' title='bbox 1232 2614 1600 2697; x_wconf 88' lang='lat' dir='ltr'>episcopum</span> <span class='ocrx_word' id='word_1_173' title='bbox 1645 2632 1717 2678; x_wconf 89' lang='lat' dir='ltr'>ac</span> <span class='ocrx_word' id='word_1_174' title='bbox 1764 2613 1919 2679; x_wconf 89' lang='lat' dir='ltr'>alios</span> <span class='ocrx_word' id='word_1_175' title='bbox 1988 2613 2450 2680; x_wconf 88' lang='lat' dir='ltr'>concionatores</span> <span class='ocrx_word' id='word_1_176' title='bbox 2519 2614 2778 2680; x_wconf 90' lang='lat' dir='ltr'>deducti</span> <span class='ocrx_word' id='word_1_177' title='bbox 2838 2633 2955 2698; x_wconf 90' lang='lat' dir='ltr'>per</span> 
     </span>
     <span class='ocr_line' id='line_1_23' title="bbox 600 2718 2950 2803; baseline 0 -17"><span class='ocrx_word' id='word_1_178' title='bbox 600 2739 825 2786; x_wconf 91' lang='lat' dir='ltr'>manus</span> <span class='ocrx_word' id='word_1_179' title='bbox 870 2719 1340 2803; x_wconf 83' lang='lat' dir='ltr'>impositionem</span> <span class='ocrx_word' id='word_1_180' title='bbox 1385 2720 1453 2784; x_wconf 91' lang='lat' dir='ltr'>in</span> <span class='ocrx_word' id='word_1_181' title='bbox 1486 2718 1693 2785; x_wconf 88' lang='lat' dir='ltr'>officio</span> <span class='ocrx_word' id='word_1_182' title='bbox 1741 2739 1853 2785; x_wconf 93' lang='lat' dir='ltr'>suo</span> <span class='ocrx_word' id='word_1_183' title='bbox 1886 2720 2357 2785; x_wconf 87' lang='lat' dir='ltr'>confirmantur.</span> <span class='ocrx_word' id='word_1_184' title='bbox 2428 2721 2673 2785; x_wconf 90' lang='lat' dir='ltr'>Horum</span> <span class='ocrx_word' id='word_1_185' title='bbox 2717 2739 2950 2786; x_wconf 89' lang='lat' dir='ltr'>munus</span> 
     </span>
     <span class='ocr_line' id='line_1_24' title="bbox 600 2825 2951 2911; baseline 0 -20"><span class='ocrx_word' id='word_1_186' title='bbox 600 2828 754 2909; x_wconf 87' lang='lat' dir='ltr'>erat,</span> <span class='ocrx_word' id='word_1_187' title='bbox 803 2845 950 2891; x_wconf 89' lang='lat' dir='ltr'>cum</span> <span class='ocrx_word' id='word_1_188' title='bbox 996 2826 1207 2891; x_wconf 88' lang='lat' dir='ltr'>omnia</span> <span class='ocrx_word' id='word_1_189' title='bbox 1251 2827 1458 2891; x_wconf 89' lang='lat' dir='ltr'>essent</span> <span class='ocrx_word' id='word_1_190' title='bbox 1502 2825 1877 2908; x_wconf 80' lang='lat' dir='ltr'>communia,</span> <span class='ocrx_word' id='word_1_191' title='bbox 1928 2845 2320 2911; x_wconf 84' lang='lat' dir='ltr'>egressorum</span> <span class='ocrx_word' id='word_1_192' title='bbox 2361 2827 2597 2891; x_wconf 84' lang='lat' dir='ltr'>civium</span> <span class='ocrx_word' id='word_1_193' title='bbox 2644 2827 2951 2909; x_wconf 90' lang='lat' dir='ltr'>supellec-</span> 
     </span>
     <span class='ocr_line' id='line_1_25' title="bbox 600 2932 2951 3017; baseline -0.001 -19"><span class='ocrx_word' id='word_1_194' title='bbox 600 2933 746 2999; x_wconf 84' lang='lat' dir='ltr'>tilia</span> <span class='ocrx_word' id='word_1_195' title='bbox 810 2936 996 3017; x_wconf 88' lang='lat' dir='ltr'>atque</span> <span class='ocrx_word' id='word_1_196' title='bbox 1042 2933 1234 2998; x_wconf 86' lang='lat' dir='ltr'>etiam</span> <span class='ocrx_word' id='word_1_197' title='bbox 1294 2933 1518 2998; x_wconf 91' lang='lat' dir='ltr'>domus</span> <span class='ocrx_word' id='word_1_198' title='bbox 1585 2932 2022 3017; x_wconf 87' lang='lat' dir='ltr'>indigentibus</span> <span class='ocrx_word' id='word_1_199' title='bbox 2092 2934 2224 2999; x_wconf 90' lang='lat' dir='ltr'>suis</span> <span class='ocrx_word' id='word_1_200' title='bbox 2270 2932 2693 2998; x_wconf 88' lang='lat' dir='ltr'>confratribus</span> <span class='ocrx_word' id='word_1_201' title='bbox 2757 2932 2951 2997; x_wconf 91' lang='lat' dir='ltr'>mini-</span> 
     </span>
     <span class='ocr_line' id='line_1_26' title="bbox 602 3038 2953 3125; baseline -0 -21"><span class='ocrx_word' id='word_1_202' title='bbox 602 3041 820 3104; x_wconf 87' lang='lat' dir='ltr'>strare.</span> <span class='ocrx_word' id='word_1_203' title='bbox 912 3039 1284 3125; x_wconf 84' lang='lat' dir='ltr'>Quicunque</span> <span class='ocrx_word' id='word_1_204' title='bbox 1347 3041 1516 3105; x_wconf 91' lang='lat' dir='ltr'>enim</span> <span class='ocrx_word' id='word_1_205' title='bbox 1562 3041 1844 3106; x_wconf 82' lang='lat' dir='ltr'>vestibus</span> <span class='ocrx_word' id='word_1_206' title='bbox 1905 3040 2173 3125; x_wconf 87' lang='lat' dir='ltr'>aliisque</span> <span class='ocrx_word' id='word_1_207' title='bbox 2218 3041 2406 3105; x_wconf 88' lang='lat' dir='ltr'>rebus</span> <span class='ocrx_word' id='word_1_208' title='bbox 2452 3038 2531 3103; x_wconf 87' lang='lat' dir='ltr'>ad</span> <span class='ocrx_word' id='word_1_209' title='bbox 2577 3038 2953 3104; x_wconf 80' lang='lat' dir='ltr'>alimentum</span> 
     </span>
     <span class='ocr_line' id='line_1_27' title="bbox 601 3144 2952 3230; baseline -0.001 -20"><span class='ocrx_word' id='word_1_210' title='bbox 601 3145 1065 3230; x_wconf 83' lang='lat' dir='ltr'>pertinentibus</span> <span class='ocrx_word' id='word_1_211' title='bbox 1111 3164 1270 3228; x_wconf 89' lang='lat' dir='ltr'>opus</span> <span class='ocrx_word' id='word_1_212' title='bbox 1331 3144 1525 3211; x_wconf 81' lang='lat' dir='ltr'>habet</span> <span class='ocrx_word' id='word_1_213' title='bbox 1570 3147 1684 3210; x_wconf 90' lang='lat' dir='ltr'>ant</span> <span class='ocrx_word' id='word_1_214' title='bbox 1729 3164 1876 3210; x_wconf 87' lang='lat' dir='ltr'>suae</span> <span class='ocrx_word' id='word_1_215' title='bbox 1921 3145 2280 3210; x_wconf 88' lang='lat' dir='ltr'>humilioris</span> <span class='ocrx_word' id='word_1_216' title='bbox 2350 3144 2762 3210; x_wconf 83' lang='lat' dir='ltr'>habitationis</span> <span class='ocrx_word' id='word_1_217' title='bbox 2807 3164 2952 3228; x_wconf 90' lang='lat' dir='ltr'>per-</span> 
     </span>
     <span class='ocr_line' id='line_1_28' title="bbox 600 3251 2878 3336; baseline -0 -19"><span class='ocrx_word' id='word_1_218' title='bbox 600 3254 811 3317; x_wconf 88' lang='lat' dir='ltr'>taesus</span> <span class='ocrx_word' id='word_1_219' title='bbox 858 3251 1350 3335; x_wconf 89' lang='lat' dir='ltr'>splendidiorem</span> <span class='ocrx_word' id='word_1_220' title='bbox 1396 3252 1664 3334; x_wconf 86' lang='lat' dir='ltr'>affectat,</span> <span class='ocrx_word' id='word_1_221' title='bbox 1716 3251 1883 3336; x_wconf 88' lang='lat' dir='ltr'>apud</span> <span class='ocrx_word' id='word_1_222' title='bbox 1928 3251 2220 3317; x_wconf 87' lang='lat' dir='ltr'>diaconos</span> <span class='ocrx_word' id='word_1_223' title='bbox 2265 3252 2343 3317; x_wconf 88' lang='lat' dir='ltr'>fit</span> <span class='ocrx_word' id='word_1_224' title='bbox 2385 3251 2521 3317; x_wconf 77' lang='lat' dir='ltr'>voti</span> <span class='ocrx_word' id='word_1_225' title='bbox 2565 3269 2816 3334; x_wconf 91' lang='lat' dir='ltr'>compos</span> <span class='ocrx_word' id='word_1_226' title='bbox 2833 3253 2878 3316; x_wconf 58' lang='grc' dir='ltr'>ὅ.</span> 
     </span>
    </p>
   </div>
   <div class='ocr_carea' id='block_1_3' title="bbox 609 3414 1027 3422">
    <p class='ocr_par' dir='ltr' id='par_1_3' title="bbox 609 3414 1027 3422">
     <span class='ocr_line' id='line_1_29' title="bbox 609 3414 1027 3422; baseline 0 0"><span class='ocrx_word' id='word_1_227' title='bbox 609 3414 1027 3422; x_wconf 95' lang='lat' dir='ltr'> </span> 
     </span>
    </p>
   </div>
   <div class='ocr_carea' id='block_1_4' title="bbox 598 3498 2958 4457">
    <p class='ocr_par' dir='ltr' id='par_1_4' title="bbox 599 3498 2953 3660">
     <span class='ocr_line' id='line_1_30' title="bbox 818 3498 2953 3569; baseline 0 -16"><span class='ocrx_word' id='word_1_228' title='bbox 818 3499 859 3569; x_wconf 88' lang='lat'>¹)</span> <span class='ocrx_word' id='word_1_229' title='bbox 896 3500 1078 3554; x_wconf 86' lang='lat' dir='ltr'>Kerss.</span> <span class='ocrx_word' id='word_1_230' title='bbox 1103 3500 1374 3554; x_wconf 82' lang='lat' dir='ltr'>berichtet</span> <span class='ocrx_word' id='word_1_231' title='bbox 1409 3500 1507 3555; x_wconf 77' lang='lat' dir='ltr'>das</span> <span class='ocrx_word' id='word_1_232' title='bbox 1533 3500 2081 3569; x_wconf 80' lang='lat' dir='ltr'>Zusammenbringen</span> <span class='ocrx_word' id='word_1_233' title='bbox 2119 3498 2213 3552; x_wconf 86' lang='lat' dir='ltr'>des</span> <span class='ocrx_word' id='word_1_234' title='bbox 2241 3498 2439 3553; x_wconf 83' lang='lat' dir='ltr'>Geldes</span> <span class='ocrx_word' id='word_1_235' title='bbox 2475 3498 2588 3553; x_wconf 89' lang='lat' dir='ltr'>und</span> <span class='ocrx_word' id='word_1_236' title='bbox 2625 3498 2953 3554; x_wconf 75' lang='lat' dir='ltr'>Schmuckes</span> 
     </span>
     <span class='ocr_line' id='line_1_31' title="bbox 599 3586 2500 3660; baseline 0.001 -19"><span class='ocrx_word' id='word_1_237' title='bbox 599 3587 699 3641; x_wconf 79' lang='lat' dir='ltr'>auf</span> <span class='ocrx_word' id='word_1_238' title='bbox 733 3587 830 3642; x_wconf 83' lang='lat' dir='ltr'>das</span> <span class='ocrx_word' id='word_1_239' title='bbox 865 3587 1113 3645; x_wconf 83' lang='lat' dir='ltr'>Rathaus</span> <span class='ocrx_word' id='word_1_240' title='bbox 1156 3588 1337 3660; x_wconf 82' lang='lat' dir='ltr'>gleich</span> <span class='ocrx_word' id='word_1_241' title='bbox 1371 3591 1559 3644; x_wconf 78' lang='lat' dir='ltr'>weiter</span> <span class='ocrx_word' id='word_1_242' title='bbox 1594 3593 1763 3643; x_wconf 85' lang='lat' dir='ltr'>unten</span> <span class='ocrx_word' id='word_1_243' title='bbox 1797 3588 1939 3642; x_wconf 89' lang='lat' dir='ltr'>noch</span> <span class='ocrx_word' id='word_1_244' title='bbox 1975 3586 2191 3642; x_wconf 76' lang='lat' dir='ltr'>einmal.</span> <span class='ocrx_word' id='word_1_245' title='bbox 2267 3587 2323 3642; x_wconf 88' lang='lat' dir='ltr'>S.</span> <span class='ocrx_word' id='word_1_246' title='bbox 2360 3586 2500 3643; x_wconf 82' lang='lat' dir='ltr'>dort.</span> 
     </span>
    </p>

    <p class='ocr_par' dir='ltr' id='par_1_5' title="bbox 598 3673 2955 4367">
     <span class='ocr_line' id='line_1_32' title="bbox 817 3673 2955 3748; baseline 0 -18"><span class='ocrx_word' id='word_1_247' title='bbox 817 3673 863 3744; x_wconf 74' lang='lat'>⁹)</span> <span class='ocrx_word' id='word_1_248' title='bbox 898 3675 1110 3730; x_wconf 87' lang='lat' dir='ltr'>Ebenso</span> <span class='ocrx_word' id='word_1_249' title='bbox 1148 3676 1236 3731; x_wconf 88' lang='lat' dir='ltr'>die</span> <span class='ocrx_word' id='word_1_250' title='bbox 1278 3676 1622 3748; x_wconf 83' lang='lat' dir='ltr'>„Ordnung,“</span> <span class='ocrx_word' id='word_1_251' title='bbox 1664 3678 1722 3731; x_wconf 90' lang='lat' dir='ltr'>in</span> <span class='ocrx_word' id='word_1_252' title='bbox 1760 3676 1922 3731; x_wconf 86' lang='lat' dir='ltr'>deren</span> <span class='ocrx_word' id='word_1_253' title='bbox 1959 3676 2142 3730; x_wconf 84' lang='lat' dir='ltr'>Druck</span> <span class='ocrx_word' id='word_1_254' title='bbox 2198 3676 2327 3730; x_wconf 85' lang='lat' dir='ltr'>aber</span> <span class='ocrx_word' id='word_1_255' title='bbox 2364 3675 2454 3730; x_wconf 87' lang='lat' dir='ltr'>die</span> <span class='ocrx_word' id='word_1_256' title='bbox 2487 3675 2702 3730; x_wconf 82' lang='lat' dir='ltr'>Namen</span> <span class='ocrx_word' id='word_1_257' title='bbox 2756 3675 2955 3730; x_wconf 76' lang='lat' dir='ltr'>wieder</span> 
     </span>
     <span class='ocr_line' id='line_1_33' title="bbox 600 3763 2953 3836; baseline 0 -18"><span class='ocrx_word' id='word_1_258' title='bbox 600 3763 751 3819; x_wconf 79' lang='lat' dir='ltr'>stark</span> <span class='ocrx_word' id='word_1_259' title='bbox 789 3764 1040 3820; x_wconf 86' lang='lat' dir='ltr'>entstellt</span> <span class='ocrx_word' id='word_1_260' title='bbox 1075 3765 1214 3821; x_wconf 86' lang='lat' dir='ltr'>sind.</span> <span class='ocrx_word' id='word_1_261' title='bbox 1268 3764 1396 3836; x_wconf 87' lang='lat' dir='ltr'>Vgl.</span> <span class='ocrx_word' id='word_1_262' title='bbox 1422 3765 1560 3820; x_wconf 85' lang='lat' dir='ltr'>auch</span> <span class='ocrx_word' id='word_1_263' title='bbox 1598 3764 1687 3820; x_wconf 89' lang='lat' dir='ltr'>die</span> <span class='ocrx_word' id='word_1_264' title='bbox 1722 3764 2199 3820; x_wconf 81' lang='lat' dir='ltr'>Bischofschronik</span> <span class='ocrx_word' id='word_1_265' title='bbox 2237 3764 2334 3832; x_wconf 80' lang='lat' dir='ltr'>(M.</span> <span class='ocrx_word' id='word_1_266' title='bbox 2361 3763 2518 3830; x_wconf 84' lang='lat' dir='ltr'>G.-Q.</span> <span class='ocrx_word' id='word_1_267' title='bbox 2556 3763 2605 3832; x_wconf 89' lang='lat'>1,</span> <span class='ocrx_word' id='word_1_268' title='bbox 2630 3764 2778 3833; x_wconf 83' lang='lat'><strong>334).</strong></span> <span class='ocrx_word' id='word_1_269' title='bbox 2833 3764 2953 3819; x_wconf 83' lang='lat' dir='ltr'>Von</span> 
     </span>
     <span class='ocr_line' id='line_1_34' title="bbox 603 3852 2954 3926; baseline -0 -18"><span class='ocrx_word' id='word_1_270' title='bbox 603 3854 633 3908; x_wconf 78' lang='lat'><strong>7</strong></span> <span class='ocrx_word' id='word_1_271' title='bbox 670 3854 956 3909; x_wconf 78' lang='lat' dir='ltr'>Diakonen</span> <span class='ocrx_word' id='word_1_272' title='bbox 1011 3855 1271 3926; x_wconf 88' lang='lat' dir='ltr'>sprechen</span> <span class='ocrx_word' id='word_1_273' title='bbox 1327 3855 1467 3909; x_wconf 86' lang='lat' dir='ltr'>auch</span> <span class='ocrx_word' id='word_1_274' title='bbox 1520 3855 1706 3911; x_wconf 85' lang='lat' dir='ltr'>Herm.</span> <span class='ocrx_word' id='word_1_275' title='bbox 1743 3854 2032 3924; x_wconf 78' lang='lat' dir='ltr'>Regewart</span> <span class='ocrx_word' id='word_1_276' title='bbox 2083 3853 2194 3908; x_wconf 90' lang='lat' dir='ltr'>und</span> <span class='ocrx_word' id='word_1_277' title='bbox 2244 3853 2279 3907; x_wconf 86' lang='lat' dir='ltr'><strong>J</strong></span> <span class='ocrx_word' id='word_1_278' title='bbox 2283 3853 2369 3909; x_wconf 92' lang='lat' dir='ltr'>oh.</span> <span class='ocrx_word' id='word_1_279' title='bbox 2407 3853 2650 3924; x_wconf 82' lang='lat' dir='ltr'>Klopriss</span> <span class='ocrx_word' id='word_1_280' title='bbox 2703 3854 2762 3907; x_wconf 90' lang='lat' dir='ltr'>in</span> <span class='ocrx_word' id='word_1_281' title='bbox 2797 3852 2954 3907; x_wconf 87' lang='lat' dir='ltr'>ihren</span> 
     </span>
     <span class='ocr_line' id='line_1_35' title="bbox 598 3941 2952 4012; baseline -0 -15"><span class='ocrx_word' id='word_1_282' title='bbox 598 3942 1030 3999; x_wconf 84' lang='lat' dir='ltr'>Bekenntnissen</span> <span class='ocrx_word' id='word_1_283' title='bbox 1071 3945 1181 4012; x_wconf 85' lang='lat' dir='ltr'>(bei</span> <span class='ocrx_word' id='word_1_284' title='bbox 1217 3944 1271 3998; x_wconf 82' lang='lat' dir='ltr'>J.</span> <span class='ocrx_word' id='word_1_285' title='bbox 1308 3943 1619 3999; x_wconf 88' lang='lat' dir='ltr'>Niesert:</span> <span class='ocrx_word' id='word_1_286' title='bbox 1661 3943 1811 3999; x_wconf 88' lang='lat' dir='ltr'>U.-S.</span> <span class='ocrx_word' id='word_1_287' title='bbox 1847 3943 1895 3998; x_wconf 92' lang='grc' dir='ltr'>Ι.</span> <span class='ocrx_word' id='word_1_288' title='bbox 1933 3942 1988 3998; x_wconf 80' lang='grc' dir='ltr'>Β.</span> <span class='ocrx_word' id='word_1_289' title='bbox 2025 3944 2095 3997; x_wconf 86' lang='grc'>33</span> <span class='ocrx_word' id='word_1_290' title='bbox 2132 3959 2186 3997; x_wconf 86' lang='lat' dir='ltr'>u.</span> <span class='ocrx_word' id='word_1_291' title='bbox 2227 3942 2371 4011; x_wconf 80' lang='lat'>126).</span> <span class='ocrx_word' id='word_1_292' title='bbox 2442 3942 2602 3997; x_wconf 80' lang='lat' dir='ltr'>Nach</span> <span class='ocrx_word' id='word_1_293' title='bbox 2638 3942 2707 3997; x_wconf 90' lang='lat' dir='ltr'>H.</span> <span class='ocrx_word' id='word_1_294' title='bbox 2748 3941 2952 3997; x_wconf 80' lang='lat' dir='ltr'>Gres·</span> 
     </span>
     <span class='ocr_line' id='line_1_36' title="bbox 598 4029 2955 4102; baseline -0.001 -16"><span class='ocrx_word' id='word_1_295' title='bbox 598 4031 762 4087; x_wconf 88' lang='lat' dir='ltr'>beck</span> <span class='ocrx_word' id='word_1_296' title='bbox 798 4033 854 4088; x_wconf 82' lang='lat' dir='ltr'>S.</span> <span class='ocrx_word' id='word_1_297' title='bbox 893 4032 963 4086; x_wconf 85' lang='lat'>34</span> <span class='ocrx_word' id='word_1_298' title='bbox 999 4032 1123 4087; x_wconf 89' lang='lat' dir='ltr'>sind</span> <span class='ocrx_word' id='word_1_299' title='bbox 1163 4033 1253 4099; x_wconf 86' lang='lat' dir='ltr'>„in</span> <span class='ocrx_word' id='word_1_300' title='bbox 1290 4032 1378 4086; x_wconf 87' lang='lat' dir='ltr'>ein</span> <span class='ocrx_word' id='word_1_301' title='bbox 1414 4032 1563 4087; x_wconf 81' lang='lat' dir='ltr'>ieder</span> <span class='ocrx_word' id='word_1_302' title='bbox 1598 4029 1815 4102; x_wconf 83' lang='lat' dir='ltr'>kerspel</span> <span class='ocrx_word' id='word_1_303' title='bbox 1848 4032 1965 4086; x_wconf 87' lang='lat' dir='ltr'>drei</span> <span class='ocrx_word' id='word_1_304' title='bbox 2002 4031 2197 4086; x_wconf 84' lang='lat' dir='ltr'>diaken</span> <span class='ocrx_word' id='word_1_305' title='bbox 2237 4034 2410 4100; x_wconf 83' lang='lat' dir='ltr'>gesat,</span> <span class='ocrx_word' id='word_1_306' title='bbox 2449 4031 2538 4087; x_wconf 90' lang='lat' dir='ltr'>die</span> <span class='ocrx_word' id='word_1_307' title='bbox 2573 4031 2672 4086; x_wconf 82' lang='lat' dir='ltr'>dat</span> <span class='ocrx_word' id='word_1_308' title='bbox 2707 4031 2955 4101; x_wconf 83' lang='lat' dir='ltr'>gemeino</span> 
     </span>
     <span class='ocr_line' id='line_1_37' title="bbox 601 4117 2955 4190; baseline -0.002 -14"><span class='ocrx_word' id='word_1_309' title='bbox 601 4121 726 4190; x_wconf 85' lang='lat' dir='ltr'>guit</span> <span class='ocrx_word' id='word_1_310' title='bbox 761 4121 946 4176; x_wconf 86' lang='lat' dir='ltr'>solden</span> <span class='ocrx_word' id='word_1_311' title='bbox 972 4137 1242 4176; x_wconf 77' lang='lat' dir='ltr'>verwaren</span> <span class='ocrx_word' id='word_1_312' title='bbox 1278 4137 1383 4175; x_wconf 80' lang='lat' dir='ltr'>von</span> <span class='ocrx_word' id='word_1_313' title='bbox 1420 4120 1671 4175; x_wconf 81' lang='lat' dir='ltr'>fruchten</span> <span class='ocrx_word' id='word_1_314' title='bbox 1708 4120 1770 4175; x_wconf 82' lang='lat' dir='ltr'>of</span> <span class='ocrx_word' id='word_1_315' title='bbox 1800 4137 1905 4175; x_wconf 86' lang='lat' dir='ltr'>von</span> <span class='ocrx_word' id='word_1_316' title='bbox 1941 4120 2076 4175; x_wconf 84' lang='lat' dir='ltr'>korn</span> <span class='ocrx_word' id='word_1_317' title='bbox 2107 4119 2219 4175; x_wconf 90' lang='lat' dir='ltr'>und</span> <span class='ocrx_word' id='word_1_318' title='bbox 2243 4136 2346 4174; x_wconf 83' lang='lat' dir='ltr'>von</span> <span class='ocrx_word' id='word_1_319' title='bbox 2371 4119 2576 4187; x_wconf 83' lang='lat' dir='ltr'>fleisch,</span> <span class='ocrx_word' id='word_1_320' title='bbox 2613 4136 2716 4173; x_wconf 79' lang='lat' dir='ltr'>von</span> <span class='ocrx_word' id='word_1_321' title='bbox 2742 4117 2955 4174; x_wconf 78' lang='lat' dir='ltr'>allerlei</span> 
     </span>
     <span class='ocr_line' id='line_1_38' title="bbox 601 4206 2954 4280; baseline -0.001 -16"><span class='ocrx_word' id='word_1_322' title='bbox 601 4209 892 4280; x_wconf 83' lang='lat' dir='ltr'>ettenkost,</span> <span class='ocrx_word' id='word_1_323' title='bbox 930 4209 1019 4264; x_wconf 87' lang='lat' dir='ltr'>die</span> <span class='ocrx_word' id='word_1_324' title='bbox 1054 4210 1112 4264; x_wconf 90' lang='lat' dir='ltr'>in</span> <span class='ocrx_word' id='word_1_325' title='bbox 1151 4209 1246 4264; x_wconf 84' lang='lat' dir='ltr'>der</span> <span class='ocrx_word' id='word_1_326' title='bbox 1282 4212 1395 4264; x_wconf 78' lang='lat' dir='ltr'>stat</span> <span class='ocrx_word' id='word_1_327' title='bbox 1429 4209 1589 4265; x_wconf 79' lang='lat' dir='ltr'>was.“</span> <span class='ocrx_word' id='word_1_328' title='bbox 1649 4209 1874 4264; x_wconf 73' lang='lat' dir='ltr'>Wetrner</span> <span class='ocrx_word' id='word_1_329' title='bbox 1909 4208 2198 4264; x_wconf 74' lang='lat' dir='ltr'>Schein‘ert</span> <span class='ocrx_word' id='word_1_330' title='bbox 2232 4207 2478 4262; x_wconf 64' lang='lat' dir='ltr'>erwahnt</span> <span class='ocrx_word' id='word_1_331' title='bbox 2511 4209 2570 4262; x_wconf 90' lang='lat' dir='ltr'>in</span> <span class='ocrx_word' id='word_1_332' title='bbox 2606 4208 2791 4263; x_wconf 85' lang='lat' dir='ltr'>seinen</span> <span class='ocrx_word' id='word_1_333' title='bbox 2815 4206 2954 4262; x_wconf 79' lang='lat' dir='ltr'>Aus—</span> 
     </span>
     <span class='ocr_line' id='line_1_39' title="bbox 599 4296 1852 4367; baseline 0.002 -16"><span class='ocrx_word' id='word_1_334' title='bbox 599 4314 769 4367; x_wconf 83' lang='lat' dir='ltr'>sagen</span> <span class='ocrx_word' id='word_1_335' title='bbox 805 4298 935 4353; x_wconf 77' lang='lat' dir='ltr'>acht</span> <span class='ocrx_word' id='word_1_336' title='bbox 970 4298 1215 4354; x_wconf 77' lang='lat' dir='ltr'>Diakone</span> <span class='ocrx_word' id='word_1_337' title='bbox 1254 4298 1352 4366; x_wconf 77' lang='lat' dir='ltr'>(M.</span> <span class='ocrx_word' id='word_1_338' title='bbox 1390 4296 1549 4365; x_wconf 82' lang='lat' dir='ltr'><strong>G.-Q.</strong></span> <span class='ocrx_word' id='word_1_339' title='bbox 1585 4297 1665 4366; x_wconf 87' lang='lat'>11,</span> <span class='ocrx_word' id='word_1_340' title='bbox 1704 4297 1852 4366; x_wconf 80' lang='lat'><strong>293).</strong></span> 
     </span>
    </p>

    <p class='ocr_par' dir='ltr' id='par_1_6' title="bbox 815 4385 2958 4457">
     <span class='ocr_line' id='line_1_40' title="bbox 815 4385 2958 4457; baseline -0.001 -15"><span class='ocrx_word' id='word_1_341' title='bbox 815 4386 860 4457; x_wconf 82' lang='lat'>⁸)</span> <span class='ocrx_word' id='word_1_342' title='bbox 895 4386 963 4442; x_wconf 88' lang='lat' dir='ltr'>In</span> <span class='ocrx_word' id='word_1_343' title='bbox 1002 4386 1124 4441; x_wconf 91' lang='lat' dir='ltr'>dem</span> <span class='ocrx_word' id='word_1_344' title='bbox 1161 4386 1377 4443; x_wconf 76' lang='lat' dir='ltr'>Slottel.</span> <span class='ocrx_word' id='word_1_345' title='bbox 1416 4416 1484 4427; x_wconf 93' lang='lat'><em>-</em></span> <span class='ocrx_word' id='word_1_346' title='bbox 1534 4388 1580 4457; x_wconf 77' lang='lat'>⁴)</span> <span class='ocrx_word' id='word_1_347' title='bbox 1618 4386 1959 4457; x_wconf 75' lang='lat' dir='ltr'>Swertfeger.</span> <span class='ocrx_word' id='word_1_348' title='bbox 1997 4416 2067 4427; x_wconf 91' lang='lat'>—</span> <span class='ocrx_word' id='word_1_349' title='bbox 2116 4385 2161 4455; x_wconf 79' lang='lat'>⁶)</span> <span class='ocrx_word' id='word_1_350' title='bbox 2202 4385 2346 4453; x_wconf 79' lang='lat' dir='ltr'>„Das</span> <span class='ocrx_word' id='word_1_351' title='bbox 2382 4386 2600 4456; x_wconf 74' lang='lat' dir='ltr'>gamain</span> <span class='ocrx_word' id='word_1_352' title='bbox 2636 4385 2787 4456; x_wconf 46' lang='grc' dir='ltr'>μὴ*</span> <span class='ocrx_word' id='word_1_353' title='bbox 2827 4388 2958 4456; x_wconf 76' lang='lat' dir='ltr'>sagt-</span> 
     </span>
    </p>
   </div>
  </div>
 </body>
</html>
