3259 5075
637 294 766 361 '188
1494 290 1680 356 Anno
1727 290 1900 356 1535
1945 290 2103 355 acta.

636 470 703 536 in
749 468 974 535 castris
1023 468 1356 549 extruitur,
1406 466 1473 531 in
1519 485 1645 551 qua
1688 484 1903 549 gerrae
1949 484 2059 531 sen
2105 465 2320 529 vineae
2366 466 2822 530 tormentorum
2871 465 2984 529 ob-

634 575 943 642 iectacula
987 594 1059 639 ac
1106 573 1504 639 defensacula
1568 572 1854 637 militum
1899 590 1972 636 ex
2019 568 2366 636 viminibus
2433 571 2626 636 lentis
2687 591 2758 637 ac
2805 573 2984 636 tena-

634 681 912 747 cioribus
943 680 1242 764 virgultis
1288 682 1665 744 tererentur.
1729 678 1963 761 Operas
1995 677 2208 761 itaque
2251 676 2636 760 partiuntur,
2673 680 2747 742 ut
2773 677 2984 742 Wolt-

632 786 889 852 beccani
937 785 1248 869 agricolae
1296 786 1374 849 ab
1422 784 1666 868 Alphee
1711 783 1927 849 dextro
1972 784 2169 848 latere
2215 782 2284 848 in
2321 783 2546 847 urbem
2590 782 2984 848 decurrentis

633 891 711 957 ad
758 890 1071 956 Anthonii
1116 889 1576 956 Lichthertenii
1645 888 2194 973 propugnaculum
2252 907 2412 971 opus
2458 888 2685 953 ducere
2740 888 2986 971 incipe-

630 999 774 1063 rent
792 1000 834 1077 ¹,
884 995 1032 1061 inde
1062 997 1595 1078 Bevergernenses
1642 996 1707 1059 et
1737 993 2186 1078 Saxenburgici
2231 992 2312 1058 ad
2355 993 2674 1059 Hansonis
2703 994 2988 1059 Tecken-

630 1102 883 1185 burgici
950 1101 1308 1183 castellum,
1378 1099 1525 1165 inde
1571 1098 2119 1165 Ludinckhusiani
2187 1097 2265 1163 ad
2313 1118 2484 1165 arces
2545 1099 2984 1181 Mauritianas,

633 1208 865 1292 quibus
898 1206 1236 1291 Stedingus
1277 1206 1572 1291 praefuit,
1622 1204 1769 1270 inde
1801 1204 2315 1271 Horsthmariani
2344 1205 2424 1269 ad
2453 1205 2785 1270 Wilhelmi
2815 1206 2992 1269 Arn-

632 1313 865 1379 hemici
904 1312 1275 1394 fortalitia⁸,
1324 1312 1471 1377 inde
1501 1311 1983 1377 Dulmanienses
2016 1313 2080 1376 et
2111 1311 2666 1395 Stromburgenses
2702 1310 2784 1374 ad
2813 1310 2991 1376 Lau-

631 1419 826 1486 rentii
872 1419 1221 1485 Horsthani
1267 1418 1755 1500 munimentum,
1803 1416 1952 1483 inde
1982 1416 2293 1482 Ahusiani
2342 1419 2407 1482 et
2447 1417 2858 1482 Bocholdiani
2907 1416 2991 1481 ad

630 1526 894 1611 Egberti
939 1525 1247 1591 Devereni
1316 1523 1815 1605 defensaculum,
1886 1523 2033 1588 inde
2088 1523 2459 1588 Wernenses
2531 1523 2842 1588 ruricolae
2905 1523 2992 1587 ad

630 1632 980 1699 Hermanni
1011 1631 1293 1716 Syttardi
1339 1633 1621 1714 erymata
1666 1632 1730 1695 et
1774 1630 1924 1695 hinc
1969 1630 2049 1695 ad
2095 1629 2425 1695 sinistrum
2455 1628 2701 1713 Alphae
2747 1629 2920 1694 latus
2943 1630 2989 1694 ².

631 1738 753 1804 His
798 1740 942 1823 post
986 1738 1282 1822 quintum
1328 1736 1495 1801 diem
1551 1735 1835 1801 dimissis
1883 1734 2361 1818 Harpstediani,
2410 1734 2988 1815 WssdeshusenseS,

630 1844 1041 1924 Vechtenses,
1111 1842 1527 1923 Emeslandii,
1599 1841 2215 1925 Cloppenbergenses
2263 1843 2327 1905 et
2385 1839 2991 1906 Delmenhorsthani

633 1949 1014 2029 succedunt3
1062 1950 1164 2014 his
1203 1949 1468 2014 aliarum
1502 1967 1749 2032 quoque
1797 1947 2175 2012 dioecesium
2223 1946 2551 2030 agricolae,
2600 1946 2792 2011 donec
2825 1964 2990 2029 opus

632 2055 1012 2138 absolvatur,
1060 2074 1172 2139 per
1202 2054 1367 2119 vices
1401 2053 1925 2119 substituuntur⁸
1957 2052 2067 2135 ita,
2115 2055 2190 2118 ut
2221 2071 2413 2136 supra
2442 2052 2568 2118 tria
2599 2052 2990 2117 rusticorum

631 2161 839 2227 millia
867 2181 904 2226 a
938 2160 1207 2244 satrapis
1255 2162 1319 2224 et
1363 2157 1697 2242 praefectis
1745 2157 1878 2223 suis
1926 2158 2017 2222 ibi
2063 2157 2498 2241 praesentibus
2543 2157 2844 2222 continuo
2889 2158 2990 2222 la-

632 2267 783 2331 bore
814 2265 1102 2350 occupati
1150 2284 1394 2347 semper
1439 2264 1859 2345 detineantur,
1909 2263 2036 2328 nisi
2081 2263 2248 2347 quod
2280 2264 2463 2328 statis
2510 2262 2683 2328 horis
2731 2265 2992 2346 tympa-

631 2390 859 2437 norum
901 2371 1094 2454 pulsu
1140 2390 1175 2435 a
1206 2370 1418 2435 labore
1464 2369 1792 2453 quiescant
1837 2370 1901 2434 et
1948 2368 2023 2433 ad
2075 2368 2341 2434 eundem
2387 2369 2774 2433 revocentur.
2825 2366 2993 2432 Arc-

630 2478 876 2544 tissime
922 2477 1015 2543 ita
1044 2478 1197 2543 urbs
1230 2479 1365 2541 tota
1410 2474 1744 2560 praecipiti
1791 2475 1956 2542 fossa
2002 2477 2466 2559 praeruptoque
2497 2474 2663 2540 vallo
2695 2473 2992 2540 sentibus

629 2584 948 2668 lignisque
995 2604 1108 2668 per
1153 2586 1324 2649 certa
1377 2582 1716 2648 intervalla
1758 2582 2014 2648 insertis
2061 2585 2126 2648 et
2171 2582 2245 2646 ad
2298 2581 2699 2647 retinendum
2743 2597 2908 2664 opus
2959 2601 2996 2646 e

629 2693 799 2755 terra
831 2690 1120 2784 sabulosa
1151 2693 1517 2773 congestum
1550 2689 1942 2772 interpositis
1976 2688 2274 2772 cingitur,
2305 2688 2686 2771 libertasque
2711 2687 2998 2771 vagandi

630 2796 1121 2879 erumpendique
1167 2795 1498 2879 oppidanis
1546 2794 1873 2878 adimitur,
1937 2814 2096 2880 quae
2143 2814 2240 2861 res
2287 2794 2444 2877 ipsis
2490 2793 2679 2859 exitio
2726 2793 2995 2859 tandem

628 2902 846 2968 futura
892 2903 1042 2967 erat.
1105 2902 1386 2967 Multum
1434 2901 1737 2985 temporis
1783 2901 1852 2966 in
1899 2921 1969 2966 eo
2002 2919 2186 2985 opere
2233 2899 2558 2966 excitando
2604 2900 2992 2966 absumitur.

627 3007 1107 3091 Amplissimam
1136 3009 1308 3073 enim
1352 3008 1573 3075 illam*
1605 3008 1813 3092 campi
1844 3007 2196 3092 planitiem,
2232 3026 2422 3092 quam
2453 3025 2721 3091 regnum
2749 3008 2997 3091 vulgus

843 3254 893 3322 ⁸)
930 3254 1073 3308 Ma:
1107 3254 1430 3310 scortalitia.
1467 3283 1535 3294 —
1574 3253 1623 3324 b)
1661 3255 1804 3308 Me„-
1840 3253 1996 3311 illud.

846 3536 886 3604 ¹)
924 3536 1106 3591 Keras.
1136 3535 1410 3590 ubersetzt
1434 3535 1554 3590 hier
1576 3536 1665 3591 die
1689 3536 2154 3607 Bestimmungen,
2183 3536 2271 3591 die
2295 3538 2356 3592 in
2379 3538 2477 3593 der
2505 3536 2868 3607 „Ordenunge
2898 3537 3004 3592 der

626 3640 808 3695 nygen
847 3624 1015 3695 grafft
1048 3641 1146 3679 vor
1170 3623 1446 3679 Munster“
1488 3623 1773 3679 enthalten
1810 3624 1932 3679 sind
1970 3625 2168 3696 (Kopie
2202 3625 2341 3681 ohne
2364 3627 2571 3681 Datum
2606 3627 2684 3681 im
2708 3625 2889 3680 St-A.
2917 3627 3002 3681 M.

626 3712 700 3768 M.
722 3712 783 3768 L.
802 3712 868 3768 A.
894 3713 1089 3778 618119
1115 3712 1183 3768 V.
1207 3712 1303 3769 fol.
1328 3713 1469 3781 129).
1525 3713 1617 3768 Sie
1655 3712 1953 3783 beginnen:
1999 3714 2348 3780 „Wolbecke;
2385 3732 2490 3770 van
2528 3714 2624 3770 der
2645 3713 2730 3769 Aa
2764 3714 2895 3769 bers
2924 3733 3002 3770 an

627 3799 865 3856 Thonies
901 3799 1253 3855 Lichtherten
1289 3799 1623 3869 bloiekhues,
1663 3800 1937 3856 dairtho
1975 3801 2138 3856 dath
2174 3801 2539 3857 korffhuis
2575 3801 2806 3871 burte,
2843 3802 3001 3870 holt,

626 3888 790 3944 korve
824 3893 883 3944 to
907 3888 1175 3944 bestellen
1212 3889 1324 3943 und
1361 3889 1668 3944 donredach
1704 3889 1844 3944 nach
1875 3889 2174 3945 Estomihi“
2207 3891 2317 3958 (11.
2342 3891 2522 3959 Febr.)
2555 3908 2657 3957 „an
2682 3890 2998 3962 t'fangenJ‘

842 3975 887 4046 Ἰ)
926 3977 994 4031 Ιιι
1033 3976 1129 4032 der
1157 3977 1566 4047 „Ordenunge“:
1610 3977 1868 4044 „Werne;
1905 3994 2010 4032 van
2046 3978 2142 4033 der
2174 3978 2223 4034 A
2247 3995 2321 4050 up
2359 3979 2456 4035 bes
2495 3996 2566 4034 an
2601 3978 2846 4034 Herman
2887 3997 3006 4036 van

627 4066 842 4138 Sytters
878 4065 993 4120 und
1026 4070 1151 4120 vort
1186 4065 1293 4120 dan
1330 4081 1435 4120 vau
1472 4065 1670 4121 Sitters
1714 4066 1833 4121 hess
1871 4082 1941 4120 an
1977 4065 2213 4138 Egbertz
2250 4083 2356 4122 van
2389 4066 2604 4122 Devern
2639 4065 3002 4124 bloekhum‘

841 4152 888 4222 θ)
922 4152 1079 4208 Doch
1115 4154 1316 4209 mufste
1353 4153 1449 4209 der
1483 4153 1714 4209 Bischof
1762 4155 1909 4209 scine
1946 4154 2191 4226 Befehle,
2246 4155 2335 4210 die
2371 4155 2527 4210 nicht
2562 4156 2862 4226 genugend
2901 4159 3010 4214 be-

627 4243 814 4297 achtet
847 4241 1086 4312 vui-den,
1124 4241 1404 4298 mehr-rach
1438 4241 1816 4312 wiederholen,
1853 4259 1914 4298 so
1950 4259 2040 4297 am
2080 4244 2163 4299 14.
2200 4243 2444 4298 Februar
2478 4243 2591 4298 und
2627 4260 2717 4298 am
2753 4244 2809 4299 3.
2832 4244 3014 4302 Exn

631 4330 936 4401 (Konzepte
973 4331 1051 4385 im
1086 4330 1261 4385 St·A.
1296 4329 1415 4399 M).
