3259 5075
1225 270 1413 337 Anno
1464 271 1638 337 1534
1682 271 1840 338 acta.
2570 272 2706 338 473

339 449 539 516 malis
584 467 787 533 neque
832 447 1036 533 possit
1096 466 1297 532 neque
1343 446 1574 513 audeat
1618 446 1755 513 sine
1799 446 2108 532 principis
2155 447 2531 513 auctoritate
2575 467 2710 514 me-

343 555 504 638 deri,
558 574 624 620 33
668 554 934 639 proinde
1005 553 1381 638 suppliciter
1423 555 1655 637 petere,
1722 554 1800 618 ut
1843 572 1958 619 sua
2002 572 2118 636 ope
2162 554 2229 620 et
2271 554 2534 620 consilio
2582 554 2710 620 sibi

345 662 681 727 succurrat
711 663 777 726 et
821 660 1077 744 scriptis
1121 660 1256 726 suis
1303 660 1638 745 significet,
1689 659 1844 744 quid
1890 678 2036 725 cum
2081 659 2242 742 istis,
2294 680 2454 745 quae
2500 680 2709 726 exces-

346 769 568 832 serunt
598 769 664 832 et
710 766 779 832 in
825 768 1150 850 posterum
1195 766 1360 831 exire
1391 767 1459 831 in
1490 765 1702 831 animo
1747 766 2002 847 habent,
2051 766 2365 849 agendum
2396 786 2528 831 3333
2558 786 2706 832 con-

348 874 538 954 sulat,
588 893 665 939 ne
711 873 869 957 quid
911 873 1074 938 forte
1121 892 1161 938 a
1204 892 1269 939 33
1314 874 1558 957 agatur,
1608 891 1733 956 quo
1779 872 2073 955 princeps
2119 873 2488 939 offendatur.

564 997 666 1062 Ad
711 997 866 1062 haec
919 998 1212 1081 princeps
1269 998 1368 1063 16.
1402 996 1684 1062 Ianuarii
1730 997 2024 1062 rescribit
2042 1000 2085 1079 ¹,
2133 1016 2211 1062 ne
2257 1016 2359 1062 333
2405 996 2702 1081 1111811133,
2733 1014 2843 1070 (13.)
2871 1014 2990 1062 san.

348 1123 508 1187 quae
554 1104 1014 1169 contumaciter
1078 1104 1336 1188 regulae
1383 1122 1531 1169 31133
1576 1104 1803 1187 iugum
1869 1107 2294 1186 excusserunt,
2343 1104 2412 1170 in
2459 1107 2708 1172 303111111

346 1210 619 1275 3113111111
667 1210 932 1293 recipiat
950 1212 993 1292 ²,
1044 1229 1121 1274 113
1165 1228 1383 1275 33111111
1436 1209 1718 1292 exemplo
1765 1210 1829 1274 31
1872 1208 2257 1293 impunitate
2275 1213 2302 1252 ⁸
2345 1211 2504 1276 aliae
2551 1231 2708 1296 quo-

346 1335 470 1401 que
516 1316 794 1382 similem
853 1316 1261 1382 rebellionem
1307 1318 1372 1382 31
1433 1316 1839 1399 professionis
1888 1335 2036 1382 31133
2107 1318 2708 1399 praevaricationem

345 1423 697 1488 moliantur
743 1423 855 1488 aut
900 1422 1156 1488 maioris
1222 1422 1553 1489 seditionis
1599 1423 1768 1488 inter
1807 1423 2173 1506 obedientes
2221 1424 2352 1490 sint
2398 1427 2700 1491 auctores,

344 1528 449 1593 Ad
493 1529 650 1594 11333
695 1530 1131 1596 archivestalis
1179 1532 1284 1597 28.
1333 1531 1690 1596 Ianuarii⁴z
1763 1531 1840 1597 Se
1884 1551 2086 1615 neque
2152 1532 2447 1615 precibus
2503 1552 2703 1616 neque
2731 1544 2986 1601 (uo-1⁸¹1·

346 1635 878 1701 obtestationibus
924 1655 1125 1720 neque
1178 1636 1504 1703 lachrimis
1550 1657 1752 1722 neque
1797 1637 1990 1703 minis
2037 1658 2073 1702 3
2119 1639 2404 1704 3031101111
2449 1658 2703 1722 38133311

344 1740 626 1824 virgines
693 1742 976 1825 potuisse
1034 1761 1315 1808 coercere
1363 1744 1428 1808 et
1471 1742 1793 1809 remorari.
1886 1743 1971 1808 Et
2015 1763 2160 1808 cum
2228 1744 2430 1809 maior
2488 1764 2706 1809 earum

346 1865 494 1929 pars
560 1847 853 1913 habitum
900 1849 1028 1913 iam
1095 1848 1465 1931 mutaverit,
1516 1849 1572 1913 si
1616 1847 1954 1933 prin*cipis
2002 1848 2339 1914 consilium
2405 1852 2706 1934 sequatur
2729 1863 2826 1936 *μ
2862 1865 2991 1921 417.

348 1971 423 2017 33
468 1954 732 2020 rebelles
802 1955 1056 2038 penitns
1125 1956 1417 2020 excludat
1483 1974 1684 2039 neque
1730 1973 1833 2020 eas
1904 1955 2196 2038 recipiat,
2268 1957 2379 2020 aut
2435 1956 2704 2021 recentis

346 2063 559 2125 motus
607 2079 860 2125 causam
906 2062 1036 2143 aut,
1087 2060 1142 2125 si
1187 2061 1534 2144 pudicitiae
1579 2061 1741 2126 forte
1788 2061 2187 2145 naufragium
2232 2062 2530 2144 facerent,
2577 2081 2705 2128 non

348 2165 554 2230 solum
601 2167 1228 2250 consanguineorum,
1279 2167 1388 2233 sed
1434 2167 1907 2252 quorumlibet⁶
1951 2168 2255 2233 acerrima
2293 2168 2591 2234 adversus
2639 2188 2706 2236 se

348 2271 643 2355 obloquia
688 2274 1051 2339 concitaret.
1119 2274 1290 2354 Quae
1339 2274 1551 2339 omnia
1594 2274 1789 2339 altius
1835 2274 2111 2357 principi
2156 2274 2559 2358 expendenda
2601 2295 2704 2340 re-

346 2376 613 2460 linquat.

563 2484 664 2552 Ad
710 2506 870 2572 quae
936 2488 1230 2573 princeps
1278 2490 1382 2556 26.
1432 2487 1714 2554 Ianuarii
1783 2488 2119 2572 respondet
2134 2489 2178 2572 ⁰,
2245 2492 2320 2554 ut
2367 2487 2700 2555 rebellium
2727 2505 2796 2547 κ.
2826 2499 2943 2548 Jun-

346 2591 670 2676 virginum
715 2596 1085 2677 parentibus
1116 2597 1181 2662 31
1211 2596 1460 2680 agnatis
1492 2596 1572 2661 ad
1605 2615 1670 2659 33
1700 2594 1921 2661 3331113
1967 2614 2102 2659 13111
2132 2614 2381 2661 0111113111
2410 2595 2699 2679 explicet,

347 2697 516 2782 quod
562 2698 617 2763 si
663 2699 761 2764 illi
812 2720 912 2766 eas
959 2702 1037 2766 ab
1085 2721 1292 2768 errore
1341 2721 1496 2786 vago
1542 2701 1622 2767 ad
1670 2701 1979 2766 saniorem
2031 2703 2306 2766 mentem
2354 2701 2419 2765 et
2460 2701 2703 2784 profes-

347 2803 544 2869 sionis
607 2824 757 2871 suae
801 2808 950 2872 vota
1015 2826 1302 2874 revocare
1347 2828 1473 2873 non
1540 2806 1814 2892 possint,
1863 2825 1966 2872 eas
2028 2806 2288 2871 illorum
2355 2807 2593 2872 tutelae
2638 2808 2704 2872 et

345 2911 647 2993 potestati
693 2913 1009 2996 restituat,
1056 2915 1134 2979 ut
1176 2914 1322 2980 illas
1355 2933 1569 2980 secum
1615 2913 1696 2979 ad
1737 2915 1998 2998 penates
2045 2932 2191 2978 suos
2238 2912 2574 2996 abducant,
2622 2933 2702 2979 113

345 3017 693 3098 pristinum
740 3020 1026 3085 coenobii
1070 3020 1261 3086 decus
1306 3021 1599 3087 violetur.

563 3123 829 3190 Senatus
890 3124 1038 3193 inde
1082 3125 1597 3192 Monasteriensis
1668 3124 1979 3208 superiori
2040 3142 2151 3189 suo
2198 3122 2445 3189 decreto
2513 3123 2702 3189 satis-

567 3372 611 3442 ¹)
647 3371 926 3428 Vielmehr
961 3390 1050 3428 am
1090 3373 1172 3427 18.
1209 3373 1246 3428 J
1248 3389 1421 3428 anuar
1456 3389 1554 3428 aus
1589 3372 1780 3443 Iburg.
1851 3372 2102 3441 Konzept
2137 3370 2215 3425 im
2251 3369 2422 3426 St-A.
2459 3371 2535 3426 M.

563 3459 609 3529 ⁹)
649 3462 775 3527 „bes
811 3479 871 3517 so
906 3463 1070 3534 lange
1106 3480 1181 3533 gy
1217 3462 1312 3517 des
1349 3478 1484 3518 111133
1520 3462 1705 3532 wyder
1739 3460 1916 3516 bevell
1950 3460 2342 3516 vcmommen.“

564 3548 608 3618 ⁸)
643 3550 838 3606 Dieser
863 3551 990 3607 Satz
1028 3553 1105 3606 ist
1140 3553 1331 3623 3183113
1356 3551 1561 3606 Zathat
1594 3548 1843 3605 Kerss.'s.
1892 3548 1980 3604 Im
2004 3548 2298 3604 Schreiben
2333 3547 2428 3603 des
2451 3547 2703 3604 Bischofs

344 3635 517 3691 heisst
552 3654 610 3692 33
646 3639 857 3695 weiter:
900 3681 948 3707 „.
971 3681 984 3694 .
1006 3682 1019 3695 .
1059 3639 1170 3695 und
1206 3641 1316 3709 juv
1352 3641 1456 3695 mit
1493 3639 1730 3694 anderen
1758 3637 2006 3708 juweren
2042 3637 2399 3708 gehorsamen
2427 3636 2702 3706 junfl'eren

346 3723 473 3779 luth
496 3742 667 3782 11113311
692 3729 916 3799 vorigen
941 3728 1222 3784 schrifften
1247 3746 1321 3801 yn
1345 3727 1519 3799 guder
1543 3726 1819 3798 cynicheit
1851 3724 1964 3781 und
1989 3725 2176 3781 fredde
2213 3726 2431 3796 bynnen
2455 3724 2703 3781 cloisters

347 3814 694 3871 entholden.‘

562 3904 609 3974 ⁴)
644 3904 923 3961 Vielmehr
976 3922 1066 3960 am
1114 3905 1202 3962 24.
1238 3905 1277 3960 J
1278 3921 1467 3961 anuar.
1539 3904 1691 3975 Orig.
1727 3905 1805 3958 im
1854 3901 2027 3959 St.-A.
2061 3903 2137 3959 M.
2209 3900 2562 3972 Abgedruckt
2610 3901 2703 3957 bei

344 3990 401 4045 J.
436 3991 494 4045 N
504 3992 754 4049 iesert:
792 3994 951 4050 U.-B.
987 3993 1061 4049 1¹.
1099 3994 1154 4050 S.
1180 3994 1289 4049 250
1306 3993 1364 4049 ff.
1418 3992 1507 4048 Im
1541 3993 1828 4064 Eingange
1863 3992 1960 4048 des
1996 3991 2317 4047 Schreibens
2350 3988 2703 4061 rechtfertigt

346 4080 465 4135 sich
500 4081 590 4136 die
622 4081 900 4138 Aebtissin
936 4082 1185 4152 dar-fiber,
1222 4081 1344 4137 dass
1380 4082 1460 4137 313
1496 4081 1586 4136 die
1623 4083 1805 4136 ersten
1841 4079 2053 4151 Spuren
2088 4077 2185 4133 der
2217 4079 2295 4133 im
2329 4077 2552 4133 Kloster
2586 4079 2706 4135 ein·

343 4169 661 4239 gerissenen
694 4170 1037 4243 Unordnung
1072 4170 1196 4226 dem
1229 4169 1485 4225 Bischofe
1519 4168 1678 4224 nicht
1711 4166 1894 4239 gleich
1929 4167 2220 4238 angezeigt
2251 4166 2411 4222 habe.

561 4258 608 4328 ⁸)
649 4259 755 4330 „by
790 4275 916 4314 eren
953 4259 1184 4315 frunden
1218 4258 1333 4314 und
1366 4275 1566 4330 magen
1598 4255 1905 4313 inlendisch
1938 4255 2054 4311 und
2086 4253 2484 4312 uthlendisch.“

564 4346 606 4415 ⁶)
645 4347 757 4402 Ans
794 4347 982 4419 Iburg.
1054 4348 1306 4418 Kouzept
1340 4347 1417 4402 im
1450 4346 1624 4403 St.-A.
1662 4346 1739 4402 M.
