3259 5075
675 266 809 330 412
1019 277 1034 289 ·
1536 265 1722 330 Anno
1777 266 1945 331 1533
1988 267 2147 345 acta.

655 520 660 523 ,
892 438 1016 505 Ubi
1063 458 1208 505 vero
1268 439 1667 505 ecclesiastae
1711 440 2236 507 Monasterienses
2294 439 2729 524 intelligerent
2771 451 3083 503 suorum

679 564 1014 611 numerum
1062 544 1540 628 captivitatibus
1577 548 1770 630 atque
1816 547 2146 631 suppliciis
2193 547 2419 630 minui,
2468 546 2632 612 serio
2663 544 2927 630 quidem
2986 539 3079 604 in

676 651 863 717 initio
909 651 1150 735 lugent,
1171 664 1177 670 ’
1199 671 1326 717 nou
1371 652 1584 719 tamen
1627 651 1770 717 ideo
1818 652 2072 737 segnius
2118 652 2472 719 munitione
2503 651 2681 717 urbis
2722 652 2785 715 et
2828 645 3081 714 tutela.

676 760 931 823 senatus
965 757 1187 823 confisi
1233 757 1704 823 schismaticam
1736 777 1916 823 suam
1947 758 2301 824 doctrinam
2344 776 2692 842 propagare
2734 754 3070 840 pergunt,

676 862 782 928 sed
831 864 1057 928 mutuo
1104 862 1376 928 alacrius
1407 863 1701 928 certatim
1740 863 1945 929 eidem
1990 864 2318 947 insistunt,
2366 863 2549 948 quasi
2593 860 2943 928 afflictione
2983 859 3073 924 et

676 968 1110 1050 persecutione
1155 987 1328 1033 more
1389 969 1818 1052 apostolorum
1863 969 2247 1035 ardentiores
2292 969 2362 1034 in
2408 967 2719 1052 evangelii
2777 965 3069 1051 negotio

673 1073 1095 1157 promovendo
1142 1073 1347 1138 effecti
1393 1093 1528 1139 esse
1557 1074 1910 1140 videantur.
1975 1075 2156 1141 Unde
2200 1076 2445 1140 tantam
2491 1074 2618 1139 sibi
2661 1072 2921 1157 pietatis
2978 1074 3069 1136 et

674 1179 1051 1245 eruditionis
1099 1179 1457 1263 opinionem
1502 1199 1629 1245 non
1676 1180 1882 1247 solum
1925 1180 1995 1245 in
2034 1182 2190 1247 urbe
2236 1181 2405 1246 inter
2448 1180 2762 1261 factiosos,
2812 1196 3065 1244 verum

673 1285 867 1351 etiam
911 1285 1079 1352 inter
1108 1285 1381 1351 aliarum
1423 1287 1756 1353 nationum
1798 1287 2066 1371 populos
2109 1287 2281 1353 fama
2315 1288 2587 1371 augente
2618 1285 2828 1351 omnia
2858 1303 3061 1349 com-

675 1394 1071 1474 paraverunt,
1120 1394 1233 1457 ut·
1277 1392 1471 1457 multi
1513 1392 1705 1458 istius
1745 1392 2055 1477 evangelii
2101 1411 2310 1459 amore
2354 1392 2557 1458 illecti
2602 1390 2860 1457 aliunde
2902 1389 3059 1454 huc

674 1498 1067 1562 confluerent
1135 1497 1505 1581 eosdemque
1564 1498 2006 1564 concionantes
2076 1498 2386 1564 audirent.
2478 1498 2659 1564 Inter
2702 1515 2859 1580 quos
2903 1514 3056 1560 non

673 1604 1062 1686 postremum
1123 1602 1335 1669 locum
1392 1603 1657 1669 Ioannes
1704 1604 2042 1686 Bokelson‚
2112 1603 2446 1688 Leydanus
2492 1622 2567 1669 ac
2618 1601 2973 1669 sarcinator
2991 1603 3046 1684 ¹,

673 1708 901 1791 tenuit,
952 1709 1062 1792 qui
1107 1728 1269 1774 anuo
1317 1709 1608 1793 sequenti
1666 1710 1831 1775 mira
1874 1710 2146 1794 quadam
2192 1713 2359 1776 sorte
2404 1710 2485 1775 ad
2531 1709 2772 1793 regiam
2814 1707 3051 1792 digni-

674 1816 873 1880 tatem
915 1815 985 1880 in
1030 1815 1249 1881 eadem
1291 1817 1449 1881 urbe
1496 1817 1750 1881 evectus
1797 1818 1912 1882 est.
2006 1816 2131 1881 Hic
2177 1835 2323 1881 cum
2368 1816 2631 1882 eximios
2697 1814 3048 1880 conciona-

672 1923 840 1987 tores
906 1920 1275 1987 Monasterii
1332 1939 1465 1986 esse
1524 1921 1942 1988 intellexisset
1960 1922 2004 2005 ²,
2074 1921 2432 2006 evangelico
2502 1921 2737 2005 spiritu
2796 1920 3045 1985 ductus

672 2028 946 2111 patriam
977 2045 1352 2112 uxoremque
1384 2046 1562 2092 suam
1601 2028 1963 2093 clanculum
2009 2028 2298 2093 deserens
2330 2028 2499 2094 circa
2542 2028 2698 2093 haec
2743 2029 3047 2109 tempora

673 2133 1129 2199 Monasterium
1197 2133 1374 2198 venit
1417 2153 1490 2199 ac
1535 2134 1883 2199 Hermauni
1930 2134 2189 2199 Ramers
2256 2133 2542 2217 primum
2606 2131 2886 2215 hospitio
2945 2129 3044 2195 ad

412 2257 494 2299 as.
523 2254 643 2302 sun.
674 2239 780 2304 25.
814 2237 969 2303 Iulii
1014 2238 1213 2302 usus⁸
1257 2238 1609 2304 doctrinam
1655 2257 1781 2303 non
1818 2241 2024 2305 solum
2069 2239 2412 2323 publicam,
2461 2237 2572 2304 sed
2601 2240 2667 2304 et
2709 2236 3043 2321 privatam

673 2343 1186 2409 concionatorum
1247 2344 1648 2428 suggestione
1692 2345 1999 2412 traditam
2043 2344 2291 2411 didicit.
2382 2344 2539 2410 Inde
2584 2344 3041 2426 Osnaburgam

671 2449 1019 2532 profectus,
1090 2467 1250 2534 quae
1294 2447 1628 2533 didicerat,
1699 2451 1963 2534 evomit3
2033 2470 2255 2517 verum
2298 2470 2446 2516 cum
2513 2450 3040 2534 anabaptismum

672 2557 837 2621 clam
864 2555 1037 2621 inter
1064 2555 1232 2621 cives
1264 2575 1464 2622 serere
1508 2556 1837 2641 inciperet,
1885 2560 2039 2624 urbe
2085 2558 2458 2642 profligatus
2489 2559 2588 2623 est
2603 2559 2649 2623 ⁴.
2710 2557 3038 2622 Reversus

884 2749 933 2818 ι)
969 2750 1079 2803 Me.
1091 2769 1108 2803 .·
1143 2753 1217 2806 et.

667 2944 775 2982 van
795 2927 1126 2998 Warendorp
1151 2926 1246 2982 bes
1270 2929 1329 2980 to
1353 2926 1652 2982 uthdracht
1673 2927 1772 2983 der
1794 2928 2143 2999 togelachten
2168 2927 2468 2998 gebrechen
2494 2926 2741 2997 bedagen
2765 2925 2880 2981 und
2904 2924 3036 2981 sich

669 3016 774 3071 mit
798 3032 971 3071 ennen
1004 3015 1189 3086 wyder
1209 3014 1410 3069 holdeu
1445 3014 1529 3071 als
1564 3015 1755 3070 biniok
1777 3016 1891 3070 und
1911 3015 2098 3072 recht“
2141 3015 2337 3085 (sa-A.
2362 3016 2456 3085 M„
2488 3013 3033 3085 handugs-Altum).

886 3104 928 3170 ¹)
967 3104 1043 3158 Zu
1081 3102 1303 3158 Grunde
1347 3102 1529 3173 liegen
1564 3103 1687 3159 hier
1721 3104 1834 3159 und
1870 3105 1959 3159 bei
1994 3104 2103 3159 den
2147 3103 2441 3174 folgenden
2475 3103 2532 3158 N
2532 3102 2851 3158 achi-ichten
2887 3104 3036 3158 iiber

666 3189 705 3245 J
706 3189 886 3245 ohann
921 3208 972 3246 v.
1008 3191 1211 3247 Leiden
1248 3190 1338 3246 die
1372 3191 1706 3260 Antworten,
1753 3190 1842 3247 die
1878 3190 2056 3246 dieser
2090 3190 2264 3247 selbst
2299 3192 2401 3247 auf
2435 3189 2669 3259 „etliche
2704 3190 3032 3261 Interroga-

667 3280 811 3333 toria
844 3278 958 3333 und
993 3279 1398 3350 Fragstucken“
1438 3279 1615 3350 gicht,
1670 3278 1760 3336 die
1794 3279 1910 3334 ihm
1964 3279 2064 3334 auf
2092 3279 2502 3350 Veranlassung
2556 3280 2653 3335 des
2688 3279 3032 3335 Kurffirsten

665 3383 771 3421 von
806 3366 952 3422 Koln
1003 3367 1286 3439 vergelegt
1318 3367 1535 3423 worden
1583 3368 1722 3425 sind.
1795 3368 1900 3423 Die
1934 3368 2218 3439 Ausuagen
2271 3367 2455 3423 finden
2491 3368 2609 3422 sich
2662 3366 3030 3437 abgedmckt,

665 3455 797 3509 aber
832 3455 1100 3511 incon-eet
1133 3455 1245 3510 und
1267 3456 1372 3510 mit
1394 3454 1661 3512 manchen
1682 3456 2091 3527 Auslassungen
2114 3456 2227 3510 und
2252 3455 2618 3524 Lesefehlern,
2655 3456 2745 3510 bei
2779 3455 2836 3511 J.
2859 3455 2917 3509 N
2926 3457 3029 3510 ie·

666 3546 832 3597 sert:
871 3543 1021 3599 U.-S.
1057 3543 1199 3600 1.-8.
1239 3543 1343 3599 174
1361 3544 1437 3611 ff„
1491 3543 1580 3600 die
1615 3544 2090 3615 Verbesserungen
2124 3544 2264 3599 dazu
2308 3544 2399 3600 bei
2435 3543 2497 3599 O.
2532 3543 2599 3599 A.
2636 3542 3025 3599 Cornelius:

664 3631 741 3685 M.
777 3630 842 3686 A.
878 3630 956 3687 ΙΙ.
994 3631 1051 3688 S.
1084 3632 1193 3686 417
1214 3633 1253 3687 f.
1325 3632 1430 3688 Die
1463 3632 1747 3703 Aussagen
1800 3632 1923 3688 sind
1975 3632 2096 3688 hier
2148 3648 2272 3687 zum
2307 3631 2430 3687 Teil
2477 3630 2881 3687 ausfiihrlicher
2935 3631 3028 3688 als

664 3718 1000 3789 diejenigen,
1056 3718 1145 3775 die
1179 3719 1398 3775 Johann
1450 3721 1509 3775 in
1544 3721 1749 3777 seinem
1783 3720 2024 3777 Verbere
2077 3737 2166 3776 am
2202 3720 2290 3775 25.
2327 3718 2446 3775 Juli
2485 3719 2625 3775 1535
2673 3735 2742 3774 zu
2778 3718 3026 3776 Dfflmen

664 3808 773 3878 gab
811 3807 924 3875 (bei
960 3806 1020 3863 C.
1056 3806 1122 3862 A.
1157 3806 1539 3864 Cornelius
1575 3825 1626 3863 a.
1652 3826 1703 3864 a.
1728 3808 1795 3863 Ο.
1831 3808 1886 3864 Β.
1911 3809 2017 3864 369
2034 3808 2136 3877 fil).
2207 3808 2387 3863 Ueber
2421 3806 2651 3863 Kersssss
2686 3807 3027 3879 Benutzung

663 3894 761 3950 der
796 3893 1605 3951 wiedertaurer-Goetandniase
1642 3895 1752 3967 vgl.
1788 3895 1878 3951 die
1913 3895 2249 3966 Einleitung.

878 3980 925 4050 ¹)
965 3982 1081 4048 „He
1116 3980 1255 4037 hefft
1289 3982 1501 4053 gehort,
1550 3984 1649 4039 dat
1682 3983 1918 4056 dappere
1952 3982 2304 4055 predicanten
2337 3981 2560 4053 bynnen
2594 3983 2847 4039 Munster
2881 4000 3024 4055 seyn

663 4086 909 4139 gewesen
962 4071 1076 4125 und
1111 4070 1211 4126 dat
1246 4071 1589 4142 evangelium
1631 4089 1722 4126 arn
1756 4075 1947 4142 pesten
1982 4070 2301 4142 gepredigt“
2362 4070 2437 4139 (J.
2473 4070 2757 4127 Niesert
2792 4089 2844 4128 a.
2870 4089 2923 4128 a.
2949 4072 3022 4129 Ο.

663 4156 718 4213 S.
759 4157 903 4225 175).
942 4187 1010 4197 —
1048 4156 1095 4226 ⁸)
1129 4158 1295 4213 Diese
1329 4158 1593 4230 Angaben
1628 4160 1752 4214 sind
1785 4159 1980 4215 beiden
2017 4158 2446 4214 Gesssudnissen
2480 4160 2834 4229 gemeinsam.

877 4246 921 4314 ⁴)
958 4246 1158 4302 Diesen
1193 4245 1522 4302 Aufenthalt
1556 4248 1615 4301 in
1652 4246 1966 4303 Osnabrfick
2001 4245 2114 4301 und
2148 4246 2266 4301 sein
2301 4246 2651 4303 Entweichen
2688 4265 2792 4302 von
2820 4248 2893 4303 da
2930 4264 3020 4303 er·

660 4332 848 4389 vahnt
881 4333 1101 4389 Johann
1135 4350 1240 4389 nur
1273 4336 1332 4390 in
1367 4336 1554 4391 seinen
1589 4335 1904 4390 Antworten
1939 4335 2030 4390 bei
2064 4334 2118 4390 J.
2154 4334 2439 4391 Niesert
2472 4353 2523 4391 a.
2549 4353 2601 4392 a.
2626 4335 2693 4391 Ο.
2754 4335 2843 4391 Im
2877 4336 3021 4393 Ver—
