3259 5075
1150 290 1336 357 Anno
1387 292 1559 358 1534
1605 293 1763 358 acta.
2495 292 2631 359 479

267 468 768 534 christianorum
835 467 1097 534 aedibus
1160 468 1618 535 confirmandos
1667 487 1833 548 033ος
1904 467 2188 534 nondum
2246 468 2462 551 itaque
2508 469 2631 533 im-

267 575 527 658 piorum
596 574 901 658 sanguine
961 593 1187 639 manus
1233 593 1380 640 suas
1441 575 1900 658 contaminent,
1948 594 2027 639 ne
2074 575 2138 639 et
2182 573 2310 657 ipsi
2376 574 2631 640 Patrem

271 682 608 747 coelestem
654 681 779 747 sibi
825 681 1134 747 offensum
1165 681 1458 763 reddant-‚3
1508 681 1680 745 diem
1722 681 1982 747 Domini
2027 680 2482 764 propemodum
2519 680 2632 746 ad-

268 786 565 851 futurum
633 787 986 870 expectent,
1034 787 1147 870 qui
1216 789 1604 870 purgaturus
1673 787 1760 852 sit
1805 806 2015 852 aream
2076 806 2256 852 suam
2318 788 2396 851 ab
2458 787 2633 853 omni

269 893 622 975 impietate.
715 893 835 958 His
880 892 1141 958 vocibus
1209 894 1514 976 tanquam
1559 911 1597 957 a
1644 892 2013 958 numinibus
2059 892 2440 977 quibusdam
2483 912 2631 976 pro·

270 996 457 1062 fectis
529 999 962 1082 acquiescunt.
1053 998 1258 1078 Quare
1320 998 1487 1063 circa
1554 998 1776 1063 horam
1844 1001 2136 1082 quartam
2196 1000 2300 1064 29.
2348 999 2629 1064 Ianuarii
2656 1018 2725 1061 29.
2754 1013 2873 1062 san.

271 1104 504 1168 armati
549 1104 997 1188 digrediuntur
1057 1107 1437 1188 penatesque
1485 1123 1629 1169 suos
1679 1105 1992 1187 repetunt,
2051 1108 2238 1188 atque
2282 1105 2377 1170 ita
2423 1107 2629 1170 motus

271 1209 385 1274 ille
431 1210 693 1293 quievit.

488 1316 582 1380 Ex
626 1317 728 1380 his
792 1319 1047 1382 senatus
1114 1317 1514 1401 propositum
1576 1336 1762 1382 suum
1808 1317 1886 1383 de
1932 1317 2240 1400 pellendis
2302 1318 2631 1384 conciona-

269 1420 520 1486 toribus
568 1423 1047 1505 anabaptisticis
1117 1442 1446 1489 saevorum
1506 1425 1799 1488 motuum
1847 1442 2100 1489 causam
2146 1444 2280 1490 esse
2345 1424 2631 1489 animad-

271 1527 488 1610 vertit,
537 1527 723 1594 *cum
767 1528 869 1593 illi
935 1529 1247 1612 praesidio
1316 1548 1578 1595 suorum
1641 1529 1790 1594 freti
1835 1530 1989 1613 pelli
2058 1549 2183 1595 non
2227 1529 2447 1597 velint.
2541 1532 2631 1596 Ut
2658 1544 2753 1615 *μ
2788 1543 2919 1601 421.

271 1632 480 1717 igitur
524 1654 589 1699 se
636 1654 904 1719 suosque
949 1637 1117 1701 cives
1165 1636 1536 1720 quotidiano
1584 1634 1792 1700 caedis
1838 1637 2017 1701 metu
2059 1635 2305 1720 liberet,
2356 1638 2463 1702 cui
2507 1638 2628 1704 im-

272 1737 487 1821 pliciti
532 1740 939 1823 tenebantur,
1007 1740 1109 1807 die
1156 1743 1261 1807 30.
1309 1741 1592 1806 Ianuarii
1640 1741 1994 1807 convocatis
2064 1741 2341 1808 tribunis
2389 1746 2452 1808 et
2495 1764 2627 1809 me-
2655 1759 2724 1802 30.
2754 1753 2873 1803 Jon-

273 1845 683 1911 chanicorum
729 1847 1053 1930 magistris
1101 1867 1226 1913 non
1264 1848 1393 1913 iam
1438 1847 1516 1912 de
1547 1847 1869 1931 exigendis
1916 1849 2073 1913 urbe
2102 1849 2627 1932 RothmannistiS‚

276 1951 388 2016 sed
432 1952 509 2016 de
555 1971 706 2035 pace
751 1953 924 2018 intra
989 1953 1239 2019 moenia
1304 1973 1553 2038 quoquo
1599 1954 1786 2018 modo
1856 1954 2183 2019 retinenda
2250 1955 2628 2022 consultant.

273 2057 431 2123 Post
475 2058 790 2124 diutinam
825 2063 1037 2125 autem
1074 2062 1245 2126 ultro
1277 2061 1560 2144 citroque
1606 2060 1894 2126 habitam
1925 2061 2451 2126 consultationem
2492 2063 2632 2146 pla-

276 2163 413 2229 cuit
456 2164 712 2230 tandem
730 2168 773 2248 ¹,
823 2169 899 2232 ut
929 2167 1102 2232 omni
1148 2167 1425 2232 sollicita
1469 2167 1826 2251 suspicione
1873 2167 2123 2232 sublata
2167 2186 2349 2232 nemo
2394 2167 2633 2234 civium

279 2289 390 2335 seu
433 2270 783 2336 incolarum
814 2271 940 2337 sibi
985 2275 1327 2358 quicquam
1364 2272 1612 2338 adversi
1643 2291 1681 2337 a
1711 2292 1824 2338 suo
1857 2273 2111 2339 concive
2156 2274 2402 2339 metuat
2430 2294 2631 2358 neque

278 2376 442 2442 alius
504 2377 704 2443 alium
762 2378 972 2444 laedat
1040 2380 1298 2445 bonisve
1343 2380 1557 2461 exuat,
1631 2379 1742 2444 sed
1807 2378 2208 2445 familiariter
2252 2382 2317 2445 et
2374 2381 2633 2464 pacifice

276 2485 501 2549 mutuo
547 2484 785 2567 vivant,
848 2504 1030 2551 nemo
1077 2486 1277 2552 alium
1326 2484 1620 2551 convitiis
1670 2484 1781 2551 aut
1825 2484 2235 2551 amarulentis
2279 2486 2489 2552 verbis
2538 2486 2631 2552 la-

279 2591 508 2673 cessat,
573 2610 755 2656 nemo
801 2591 1002 2656 alium
1046 2591 1115 2656 in
1163 2611 1278 2657 sua
1322 2591 1446 2656 fide
1492 2591 1746 2672 turbet3
1818 2591 1972 2657 fides
2020 2592 2106 2657 sit
2164 2593 2366 2658 libera
2410 2594 2476 2658 et
2516 2613 2631 2677 pro

280 2697 710 2782 cuiuscunque
779 2698 1195 2763 conscientiae
1263 2697 1575 2762 instinctu
1622 2697 1976 2779 arbitraria,
2025 2697 2221 2764 donec
2266 2700 2436 2764 Deus
2483 2699 2633 2764 reli-

278 2803 487 2888 gionis
533 2804 600 2868 et
642 2803 792 2869 fidei
838 2804 1152 2869 unitatem
1198 2824 1312 2888 per
1357 2804 1669 2887 Spiritum
1733 2823 1921 2869 suum
1960 2805 2249 2869 sanctum
2294 2806 2634 2870 clementer

279 2909 610 2993 largiatur.
673 2910 1003 2975 Praeterea
1034 2910 1342 2976 violantes
1389 2911 1509 2975 hoc
1542 2910 1825 2975 edictum
1869 2910 2163 2993 publicae
2206 2911 2381 2994 pacis
2427 2911 2635 2994 gratia

280 3014 502 3080 datum
566 3015 869 3099 legitimis
939 3016 1157 3098 poenis
1226 3015 1588 3081 afficiendos
1659 3035 1792 3081 0330
1839 3015 2214 3081 decernitur.
2308 3016 2470 3084 Cum
2513 3017 2635 3082 hoc

278 3121 560 3186 edictum
604 3140 717 3203 per
759 3122 961 3186 totam
1004 3122 1229 3186 urbem
1273 3139 1310 3186 a
1354 3122 1687 3187 lictoribus
1756 3121 2015 3187 iubente
2063 3126 2285 3188 senatu
2344 3124 2633 3206 publica-

279 3230 474 3310 retur,
545 3227 1067 3293 Rothmannistae
1129 3228 1385 3312 erigunt
1432 3228 1656 3293 cristas
1703 3229 1893 3312 atque
1937 3228 2007 3292 in
2053 3229 2200 3295 sinu
2243 3230 2524 3313 gaudent
2568 3250 2633 3297 se

279 3354 353 3399 eo
398 3353 533 3398 rem
599 3334 984 3418 perduxisse,
1055 3335 1132 3399 ut
1174 3335 1570 3400 consternato
1640 3334 1769 3399 iam
1829 3336 2052 3400 senatu
2119 3335 2378 3420 impune
2423 3337 2635 3402 omnia

280 3442 491 3524 agant.
555 3441 876 3506 Hactenus
922 3441 1200 3524 ignorati
1230 3459 1303 3506 ac
1337 3441 1406 3505 in
1437 3440 1697 3505 aedibus
1730 3441 1967 3523 passim
1999 3440 2432 3508 delitescentes
2465 3462 2634 3508 nunc

279 3547 597 3630 prodeunt
655 3547 985 3631 capitaque
1054 3546 1358 3611 attollunt
1403 3548 1468 3611 et
1514 3550 1682 3611 certo
1731 3546 1857 3611 sibi
1911 3548 2294 3629 persuadent
2346 3549 2632 3613 coelestis

277 3654 490 3720 Patris
537 3654 702 3719 nutu
745 3653 992 3719 evenire
1035 3653 1190 3718 haec
1229 3652 1457 3718 omnia.

496 3781 798 3865 Princeps
864 3781 1106 3847 interea
1149 3780 1492 3847 concilium
1534 3781 1900 3847 Woltbecae
1946 3781 2007 3846 2.
2053 3779 2383 3845 Februarii
2448 3798 2629 3863 pera-
2656 3797 2699 3840 ε.
2725 3792 2876 3841 Febr.

277 3886 559 3971 gendum
603 3885 850 3968 indicit,
898 3886 968 3951 in
999 3906 1121 3972 quo
1154 3887 1510 3952 convocatis
1558 3886 1832 3952 statibus
1865 3886 2163 3952 dioecesis
2201 3884 2277 3951 de
2306 3884 2633 3969 religionis

278 4011 471 4058 causa
512 3992 780 4077 aliisque
847 3994 1037 4059 rebus
1082 3992 1451 4060 necessariis
1498 3994 1564 4058 et
1607 3993 1688 4058 ad
1732 3993 2081 4058 utilitatem
2145 3993 2389 4077 patriae
2433 3990 2634 4075 perti-

499 4274 542 4344 ¹)
577 4275 683 4330 Die
718 4275 1149 4332 Uebereinkunft
1182 4278 1258 4332 ist
1279 4276 1528 4333 wortlich
1564 4276 1981 4347 ausgenommen
2014 4275 2075 4329 in
2107 4273 2232 4329 dem
2269 4273 2629 4347 „Tagebucffl

281 4380 334 4419 a.
360 4380 410 4419 a.
436 4362 501 4419 Ο.
539 4362 596 4419 S.
631 4364 719 4420 99.
