3259 5075
622 307 756 375 456
1486 306 1670 374 Anno
1722 309 1892 375 1533
1939 311 2095 374 acta.

623 486 840 549 autem
886 483 1350 549 reformationis
1404 484 1921 567 praescribendae
1964 505 2168 551 cansa.
2264 485 2385 551 Sed
2430 505 2576 551 cum
2622 486 2756 552 eius
2795 484 2973 550 urbis

623 589 1091 655 concionatores
1137 588 1673 672 anabaptisticum
1716 590 1992 656 schisma
2057 590 2555 672 introducerem,
2604 610 2724 676 quo
2769 609 2973 674 popu-

622 696 760 760 lum
803 695 1032 761 misere
1072 695 1457 778 seducerent,
1507 715 1573 761 se
1603 716 1753 782 ergo
1799 698 1865 762 in
1900 698 2299 763 commodum
2329 694 2611 762 civitatis
2652 697 2974 780 totiusque

623 802 844 886 populi
889 801 1047 867 duos
1095 801 1560 868 concionatores
1606 821 1678 866 eo
1717 802 1984 884 misisse,
2032 802 2143 886 qui
2189 803 2453 868 verbum
2498 802 2617 867 Dei
2662 821 2817 885 pure
2861 801 2973 866 do·

620 909 805 972 ceant
850 926 922 972 ac
968 907 1217 991 plebem
1265 909 1342 972 ab
1390 907 1852 990 anabaptistica
1897 908 2002 973 lue
2050 927 2259 973 sacrae
2306 908 2653 992 scripturae
2697 907 2971 973 remedio

620 1012 893 1078 liberent
941 1016 1130 1097 atque
1159 1012 1444 1078 antidoto
1490 1012 1788 1077 adversus
1821 1032 1958 1078 eam
2003 1013 2463 1096 praemuniant.
2529 1013 2607 1079 Se
2637 1013 2749 1078 illo
2782 1014 2972 1078 bene-

621 1118 765 1183 ficio
810 1119 1045 1184 malam
1090 1118 1361 1202 gratiam
1406 1137 1531 1185 non
1577 1118 1998 1201 promeruisse
2044 1119 2308 1202 opinari.

835 1225 1160 1308 Scriptum
1218 1224 1593 1290 Theoderici
1639 1224 1918 1290 Fabricii
1964 1245 2036 1290 ac
2095 1225 2347 1290 Ioannis
2394 1224 2663 1309 Leningi
2707 1224 2971 1289 Melsin-

620 1331 771 1415 gani
817 1330 1096 1414 parochi,
1161 1329 1670 1395 concionatorum
1716 1349 1754 1394 a
1797 1330 2179 1414 Lantgravio
2224 1332 2294 1395 in
2338 1331 2563 1396 urbem
2608 1331 2966 1412 missorum,

364 1454 433 1497 29.
462 1451 593 1498 nov.
622 1437 702 1501 ad
747 1437 1100 1521 principem
1147 1437 1433 1501 nostrum
1482 1436 1586 1500 29.
1637 1435 2009 1501 Novembris
2069 1437 2338 1502 missum
2382 1437 2450 1502 in
2495 1437 2656 1503 hanc
2718 1439 2970 1504 senten-

616 1543 777 1609 tiam
797 1547 848 1608 ¹:
888 1543 965 1609 Se
989 1562 1027 1608 a
1047 1541 1446 1626 Lantgravio,
1476 1560 1589 1607 suo
1619 1540 1925 1626 principe,
1959 1545 2104 1608 ante
2135 1542 2557 1609 hebdomadas
2589 1545 2717 1608 tres
2742 1542 2969 1609 erroris

619 1650 948 1715 cuiusdam
1008 1648 1418 1733 reprimendi,
1490 1647 1665 1730 pacis
1727 1668 1873 1714 vero
1919 1651 1983 1714 et
2027 1650 2418 1733 evangelicae
2483 1647 2968 1730 tranquillitatis

618 1756 1078 1840 componendae
1148 1755 1651 1840 christianaeque
1720 1755 2181 1821 reformationis
2251 1755 2418 1821 circa
2478 1753 2857 1820 ceremonias
2905 1756 2970 1819 et

552 1929 568 1947 ,
616 1865 779 1930 ritus
826 1862 1279 1929 ecclesiasticos
1326 1861 1744 1928 contexendas
1788 1862 1996 1946 gratia
2039 1862 2108 1926 in
2152 1863 2374 1927 urbem
2407 1862 2969 1927 Monasteriensem

615 1970 933 2053 ablegatos
966 1988 1118 2050 esse,
1165 1988 1324 2051 quae
1356 1967 1585 2050 omnia,
1632 1967 1734 2032 uti
1770 1970 2040 2050 sperent,
2088 1968 2398 2050 praesidio
2433 1967 2647 2038 divino
2693 1966 2968 2033 feliciter

614 2076 989 2160 peregerint.
1047 2075 1183 2139 Iam
1214 2093 1358 2139 vero
1392 2093 1457 2138 se
1488 2072 1844 2157 intelligere
1876 2074 2240 2157 episcopum
2271 2073 2574 2158 quosdam
2604 2072 2770 2138 cives
2803 2071 2967 2137 Dul-

613 2180 892 2245 manicos
912 2181 938 2220 ²
981 2178 1293 2262 evangelii
1338 2197 1526 2244 causa
1564 2178 2068 2262 apprehendisse,
2118 2197 2385 2264 quorum
2439 2179 2639 2244 vicem
2695 2177 2967 2243 maxime

614 2286 884 2351 doleant.
952 2286 1029 2350 Se
1060 2305 1207 2369 ergo
1254 2304 1470 2369 rogare
1487 2286 1531 2366 ³,
1579 2287 1657 2350 ut
1701 2286 2075 2368 relaxentur,
2124 2305 2221 2368 ne,
2271 2286 2437 2370 quod
2485 2285 2709 2352 salutis
2756 2284 2968 2369 gratia

615 2392 718 2475 pie
764 2391 1112 2474 receperint
1126 2393 1172 2475 ⁴,
1221 2391 1402 2475 quasi
1446 2390 1718 2474 impium
1762 2390 1919 2475 ipsis
1966 2391 2304 2457 obiiciatur
2348 2393 2412 2457 et
2456 2391 2825 2476 imputetur.

398 2515 441 2557 ε.
469 2510 587 2557 nez.
831 2498 925 2563 Ad
975 2499 1130 2564 haec
1196 2499 1487 2583 princeps
1533 2500 1592 2563 3.
1642 2499 2006 2564 Decembris
2025 2500 2079 2565 ⁶:
2150 2497 2312 2565 Cum
2372 2499 2497 2566 sibi
2541 2498 2964 2585 Lantgravius

614 2605 691 2670 de
738 2606 1023 2689 ipsorum
1083 2605 1358 2670 adventu
1402 2623 1604 2689 neque
1650 2605 2199 2688 praenunciaverit
2241 2625 2440 2690 neque
2486 2606 2967 2690 praescripserit

613 2711 949 2796 quicquam
984 2730 1185 2795 neque
1217 2713 1296 2778 ab
1328 2712 1545 2777 eodem
1589 2711 1962 2777 mandatum
1992 2712 2451 2795 componendae
2496 2712 2963 2777 reformationis

612 2818 888 2884 habeant
931 2817 1157 2901 ullum,
1222 2838 1286 2884 se
1335 2817 1572 2902 scripta
1618 2817 1942 2902 superiora
1985 2818 2053 2884 in
2101 2838 2214 2884 sua
2258 2818 2721 2884 existimatione
2767 2818 2964 2884 relin-

612 2944 820 3009 quere.
916 2924 1456 3005 Quemadmodum
1500 2924 1703 3008 igitur
1745 2924 2167 3008 Lantgravius
2213 2924 2673 2990 reformationis
2722 2924 2963 2990 alienae

609 3031 681 3096 in
727 3050 908 3097 suam
967 3030 1273 3097 ditionem
1338 3032 1585 3114 praeter
1652 3049 2023 3096 consensum
2090 3049 2278 3095 suum
2345 3030 2560 3096 illatae
2628 3030 2792 3095 foret
2835 3030 2962 3096 im-

323 3149 426 3223 ·p.
460 3150 586 3210 404.
608 3138 876 3223 patienS,
926 3138 1020 3202 ita
1065 3156 1130 3203 se
1177 3155 1424 3221 quoque
1490 3135 2030 3201 refor'mationem
2075 3155 2113 3200 a
2157 3135 2505 3220 peregrinis
2553 3136 2677 3201 sibi
2722 3134 2961 3220 ignotis

608 3245 937 3311 consutam
1003 3242 1173 3308 inter
1217 3261 1361 3307 suos
1408 3260 1533 3306 non
1591 3241 1891 3307 laturum.
1987 3241 2160 3307 Serio
2205 3242 2469 3325 proinde
2515 3261 2581 3307 se
2625 3241 2962 3307 admonere

604 3350 770 3433 illos,
819 3349 918 3415 uti
966 3348 1091 3414 sibi
1134 3347 1205 3413 in
1250 3347 1507 3413 civitate
1537 3346 2020 3413 Monasteriensi
2066 3346 2332 3432 aliisque
2377 3348 2532 3414 locis
2572 3366 2719 3413 suae
2764 3347 2962 3413 iuris-

604 3579 917 3634 Rothmann
954 3578 1051 3633 das
1087 3577 1223 3632 freie
1261 3576 1444 3632 Geleit
1479 3575 1863 3644 auszustellen,
1916 3577 2073 3632 hatte
2110 3577 2288 3632 dieser
2340 3578 2541 3632 bereits
2579 3594 2667 3632 am
2704 3578 2789 3633 23.
2827 3576 2961 3635 Jan.

603 3667 703 3722 das
739 3669 926 3722 weiter
961 3670 1129 3722 unten
1166 3682 1273 3721 von
1308 3666 1490 3721 Kerss.
1526 3665 1857 3735 mitgeteilte
1893 3666 2060 3720 Edikt
2113 3666 2377 3734 erlassen,
2430 3664 2660 3720 welches
2697 3666 2785 3720 die
2821 3665 2960 3722 Ver-

603 3756 841 3827 haftung
876 3755 989 3810 und
1023 3753 1409 3825 Auslieferung
1463 3753 1599 3808 aller
1637 3753 2050 3824 Wiedertaufer,
2104 3753 2187 3809 als
2232 3754 2396 3809 deren
2431 3754 2621 3824 Haupt
2675 3771 2746 3809 an
2783 3758 2962 3811 erster

604 3844 774 3901 Stelle
810 3843 1122 3899 Rothmann
1158 3842 1409 3898 namhaft
1444 3841 1700 3913 gemacht
1733 3842 1932 3912 wurde,
1974 3842 2096 3897 aufs
2132 3845 2404 3913 strengste
2441 3841 2715 3897 anbefahl.

820 3932 865 4003 ¹)
905 3933 1056 4004 Orig.
1092 3933 1170 3987 im
1206 3931 1378 3987 St.-A.
1415 3931 1490 3986 M.
1549 3931 1787 4001 Abgedr.
1822 3931 1913 3986 bei
1949 3930 2002 3986 J.
2040 3931 2350 3986 Niesert:
2389 3931 2547 3986 U.-B.
2584 3930 2657 3986 1¹.
2694 3930 2750 3985 S.
2786 3930 2888 3985 221
2914 3931 2956 3987 f.

602 4052 670 4063 —
711 4021 756 4091 ²)
791 4021 878 4077 Im
912 4021 1072 4076 Bries
1080 4041 1093 4075 :
1137 4019 1370 4088 „etliche
1404 4018 1759 4090 predicanten
1800 4019 1907 4074 vnd
1940 4021 2189 4089 burger.“
2258 4020 2365 4075 Zur
2399 4019 2573 4075 Sache
2608 4018 2777 4089 vergl.
2814 4020 2957 4075 oben

603 4110 659 4166 S.
695 4111 819 4166 418.
856 4139 924 4150 —
981 4109 1026 4179 ⁸)
1066 4110 1192 4164 Und
1229 4126 1386 4177 zwar,
1421 4108 1523 4162 wie
1560 4124 1618 4163 es
1655 4108 1731 4162 im
1768 4106 2061 4163 Schreiben
2097 4108 2282 4177 heisst,
2318 4107 2460 4163 auch
2496 4109 2572 4162 im
2607 4107 2820 4162 Namen
2856 4107 2958 4163 des

602 4199 965 4271 Landgrafen.
1002 4228 1070 4238 —
1122 4199 1169 4268 ⁴)
1209 4239 1256 4267 „.
1278 4237 1325 4252 ..
1365 4196 1690 4268 angesehen,
1729 4195 1826 4251 das
1863 4197 1942 4252 sie
1978 4196 2148 4251 durch
2184 4196 2327 4252 liebe
2363 4196 2475 4251 und
2512 4197 2663 4268 eyfer
2699 4212 2765 4251 zu
2802 4200 2956 4268 gott—

599 4289 800 4344 lichem
823 4293 961 4345 wort
995 4288 1109 4343 und
1133 4305 1232 4344 aus
1267 4288 1482 4343 keinem
1516 4285 1896 4356 mutwilligem
1919 4285 2128 4354 frevell,
2165 4287 2267 4341 wie
2290 4287 2390 4341 vir
2424 4285 2710 4355 berichtet,
2748 4286 2848 4341 dar
2884 4303 2956 4342 zu

600 4382 761 4449 seynt
795 4378 990 4433 komen
1028 4417 1043 4432 .
1066 4418 1079 4432 .
1102 4378 1148 4432 .“
1201 4404 1269 4416 -
1320 4376 1366 4446 ὅ)
1403 4374 1516 4431 Aus
1552 4375 1875 4431 Fiirstenau.
1948 4374 2196 4446 Konzept
2231 4376 2308 4430 im
2344 4374 2517 4431 Sta-A.
2552 4375 2628 4430 M.
