3259 5075
356 788 455 860 ‘p.
492 789 614 844 655.

401 1429 442 1469 1.
470 1424 607 1470 Juni.

400 1852 443 1891 6.
471 1846 505 1889 J
507 1846 606 1890 uni.

640 277 772 343 916
1501 275 1687 340 Anno
1739 274 1903 340 1541
1954 276 2115 339 acta,

639 472 761 538 que
803 451 1101 519 volvitur.
1166 451 1289 517 Sed
1334 470 1480 516 cum
1523 451 1594 515 in
1639 470 1711 516 eo
1757 451 2070 515 conventu
2115 449 2282 513 nihil
2326 448 2486 514 certi
2529 448 3036 528 decerneretur,

639 559 805 624 alius
851 561 1196 624 conventus
1242 557 1318 622 ad
1352 544 1624 621 eundem
1666 556 1880 620 locum
1923 554 2248 635 indicitur,
2295 574 2411 620 nec
2450 553 2518 619 in
2548 574 2620 619 eo
2649 554 3034 637 quicquam

641 664 974 731 definitum
1031 664 1160 729 fuit
1178 666 1219 729 ¹.
1312 663 1573 746 Recepit
1634 662 1803 726 enim
1847 661 2147 726 Twistius
2217 680 2283 725 se
2329 660 2396 726 in
2460 661 2784 744 prioribus
2851 680 3024 726 con-

640 772 936 838 ventibus
982 773 1123 835 acta
1181 770 1259 835 ad
1303 768 1660 851 principem
1706 766 1923 849 *prius
1979 767 2329 831 relaturum
2398 768 2534 832 sine
2600 766 2797 831 huius
2850 786 3034 832 auc-

636 876 895 941 toritate
938 874 1105 941 nihil
1150 874 1288 939 fieri
1336 874 1620 956 oportere
1665 891 1984 952 asserens;
2046 871 2242 937 huius
2287 893 2354 937 se
2399 873 2721 937 decretum
2770 893 3028 956 prope-

638 982 808 1047 diem
854 981 1329 1065 rescripturum.
1387 980 1475 1045 At
1506 999 1652 1044 cum
1698 979 2020 1061 responsio
2067 979 2183 1043 illa
2213 979 2293 1044 ad
2324 980 2559 1044 multos
2590 979 2726 1043 dies
2775 999 3030 1060 proro-

636 1087 913 1171 garetur,
976 1088 1230 1151 senatus
1277 1085 1534 1166 metuit,
1582 1104 1662 1148 ne
1708 1085 1776 1149 in
1822 1084 2205 1149 eversionem
2264 1088 2546 1149 actorum
2594 1086 2888 1150 omnium
2946 1088 3030 1150 et

638 1178 848 1258 civilis
894 1192 1207 1257 libertatis
1262 1190 1603 1273 perniciem
1652 1208 1750 1254 res
1794 1189 2117 1272 prodatur.
2196 1188 2401 1269 Quare
2445 1190 2814 1274 Weslingus
2861 1210 3018 1254 me-

641 1299 818 1365 dicus
865 1298 1265 1383 suggestione
1312 1298 1566 1361 senatus
1612 1296 1716 1359 die
1762 1296 2062 1360 Mercurii
2107 1298 2254 1378 post
2298 1296 2676 1361 dominicam
2723 1297 3016 1377 Exaudi,

639 1424 798 1489 quae
844 1405 971 1469 fuit
1013 1404 1219 1488 prima
1261 1403 1451 1485 Iunii,
1500 1422 1613 1485 per
1643 1402 1860 1466 literas
1906 1402 1984 1466 ad
2020 1402 2356 1467 Twistium
2396 1402 2571 1467 datas
2618 1422 3014 1485 responsum

639 1512 801 1578 serio
848 1512 1080 1594 poscit3
1122 1530 1367 1591 ‚moram
1415 1509 1584 1574 enim
1629 1509 1820 1573 istam
1867 1509 2236 1573 diuturnam
2280 1508 2629 1573 multorum
2675 1509 3016 1573 malorum

638 1636 892 1683 causam
939 1635 1072 1682 esse
1116 1637 1316 1699 posse.
1375 1618 1555 1681 Tunc
1600 1615 1856 1680 tandem
1903 1615 2210 1695 rescribit,
2261 1617 2338 1679 ut
2383 1615 2640 1698 quidam
2687 1615 3016 1678 senatorii

640 1723 881 1789 ordinis
927 1722 1049 1787 viri
1098 1742 1241 1788 cum
1288 1725 1554 1806 utroque
1584 1721 1911 1806 Weslingo
1959 1722 2037 1786 ad
2075 1722 2242 1785 diem
2289 1721 2521 1802 Lunae,
2569 1739 2728 1804 quae
2757 1719 3017 1785 Pente-

638 1832 852 1896 costen
922 1830 1235 1913 sequitur‚
1307 1848 1463 1912 quae
1532 1828 1659 1893 fuit
1721 1830 1781 1893 6.
1830 1828 2030 1910 Iunii,
2100 1829 2169 1892 in
2229 1827 2597 1892 coenobium
2664 1826 3010 1909 virginum

637 1935 1034 2019 Rengerinck
1079 1936 1351 2000 veniant.
1418 1935 1561 1998 Huc
1594 1934 1708 1998 ubi
1753 1934 2046 2017 princeps
2091 1952 2239 1998 cum
2286 1933 2418 1997 suis
2465 1935 2531 1997 et
2575 1932 3016 1995 Wilbrandus

636 2042 889 2106 Plonies
937 2042 1176 2123 consul,
1226 2041 1583 2106 Bernardus
1631 2041 1709 2105 de
1754 2041 2035 2124 Tynnen‚
2086 2041 2487 2105 Hermannus
2534 2038 3010 2117 Schenckinck,

635 2148 897 2212 Ioannes
944 2147 1393 2229 Bischopinck,
1463 2148 1743 2230 patricii,
1816 2148 2215 2225 Hermannus
2263 2145 2472 2210 Herde
2540 2149 2604 2210 et
2667 2145 3010 2210 Gerardus

636 2253 1023 2337 Averhagen,
1059 2254 1265 2336 plebei
1298 2255 1630 2334 senatores,
1665 2253 2003 2333 venissent,
2045 2253 2120 2316 de
2152 2253 2446 2318 omnibns
2478 2252 2753 2336 antiquis
2785 2251 3004 2333 plivi-

636 2358 839 2442 legiis,
913 2359 1318 2424 libertatibus
1365 2363 1430 2423 et
1475 2359 1758 2423 moribus
1803 2359 2052 2424 civitati
2097 2358 2507 2423 restituendis
2554 2360 2848 2440 coeptum
2894 2360 3012 2422 &st

636 2464 757 2549 agi.
806 2465 1199 2529 Internuncii
1247 2485 1389 2529 vero
1437 2468 1502 2530 et
1547 2466 1728 2548 quasi
1775 2469 2125 2549 sequestres
2174 2466 2343 2530 inter
2386 2464 2739 2549 principem
2779 2465 2846 2529 et
2892 2483 3004 2528 se—

635 2574 857 2636 natum
903 2572 1028 2636 duo
1074 2571 1386 2653 Weslingi
1455 2571 1657 2654 fuere,
1728 2592 1841 2655 per
1886 2590 2041 2655 quos
2087 2572 2386 2654 utrinque
2447 2590 2546 2636 res
2595 2570 2924 2654 peragitur
2945 2572 3002 2634 ².

856 2766 895 2833 ¹)
932 2766 1036 2819 Die
1075 2766 1276 2833 „Korte
1314 2765 1654 2833 antekunge“
1697 2765 1851 2834 giebt
1887 2781 1998 2818 nun
2050 2764 2311 2818 aunachst
2366 2782 2502 2835 ganz
2551 2765 2714 2818 kurze
2750 2764 2992 2818 Notizen

636 2854 770 2908 fiber
805 2854 892 2908 die
928 2854 1275 2924 Belagerung
1311 2853 1420 2906 und
1478 2853 1796 2923 Etoberung
1831 2853 2128 2920 Miinsters‚
2186 2854 2319 2907 iiber
2354 2854 2456 2909 den
2495 2855 2617 2924 'rag
2671 2870 2738 2906 zu
2777 2853 2996 2910 Worms

633 2942 711 2996 im
746 2942 1052 2997 November
1091 2942 1227 2996 1535
1264 2941 1371 2994 und
1413 2941 1500 2994 die
1539 2941 1864 3011 erfolglosen
1904 2941 2361 3010 Verhandlungen
2405 2942 2502 2996 der
2536 2941 2996 2996 Reichskommis-

635 3031 755 3085 sion
793 3047 858 3084 zu
894 3031 1143 3085 Mfinster
1197 3032 1271 3083 ini
1307 3030 1455 3083 Marz
1500 3033 1652 3084 1536.
1725 3030 1887 3083 Danu
1936 3030 2103 3084 heisst
2141 3047 2197 3084 es
2234 3033 2445 3085 weiter:
2490 3031 2739 3096 „Darmit
2786 3030 2875 3083 ich
2912 3046 2989 3083 nu

633 3117 849 3173 wedder
884 3136 956 3189 up
994 3119 1083 3173 die
1118 3120 1431 3172 restitution
1469 3118 1646 3186 komo,
1681 3122 1818 3172 wort
1853 3118 1940 3172 die
1978 3118 2180 3172 handel
2230 3136 2331 3172 van
2371 3119 2474 3172 den
2512 3119 2713 3172 Twiste
2751 3135 2853 3171 van
2892 3118 3000 3172 der

637 3223 801 3277 eyner
824 3207 934 3261 tidt
969 3224 1041 3277 up
1067 3207 1155 3262 die
1180 3207 1383 3261 andern
1408 3207 1705 3276 verthogen
1742 3206 1854 3260 und
1878 3207 2107 3261 verblcff
2140 3207 2272 3275 also,
2310 3207 2405 3261 dat
2441 3224 2564 3261 men
2595 3224 2769 3276 0)·11011
2804 3204 2986 3275 guden

635 3295 831 3350 frunde
867 3296 965 3349 dor
1000 3295 1094 3350 tho
1134 3295 1399 3361 brukede3
1439 3295 1526 3349 die
1565 3295 1691 3349 toch
1729 3312 1801 3349 na
1829 3294 1940 3366 ,(1011
1978 3296 2188 3350 fursten
2229 3338 2242 3351 .
2265 3336 2278 3349 .
2302 3337 2332 3364 .,
2370 3296 2475 3349 den
2512 3294 2753 3349 vertalde
2791 3294 2859 3347 do
2897 3294 2994 3348 die

634 3384 821 3452 for-ste,
861 3384 958 3438 dat
994 3384 1082 3439 die
1120 3383 1344 3438 officiall
1384 3424 1396 3437 .
1420 3426 1432 3438 .
1454 3425 1467 3438 .
1506 3401 1610 3438 van
1649 3384 2036 3452 Regensbergh
2073 3383 2415 3453 geschreven,
2454 3384 2625 3453 darup
2662 3383 2731 3437 hc
2769 3381 2836 3436 do
2863 3382 2988 3436 (lem

635 3472 846 3527 fursten
882 3474 1260 3538 verantwordt,
1300 3472 1396 3526 dat
1433 3472 1615 3526 sulchs
1654 3473 1752 3525 ock
1790 3473 1885 3526 tho
1923 3472 2170 3526 Munster
2206 3472 2433 3542 gesacht
2463 3472 2666 3536 worde3
2705 3471 2805 3525 dar
2839 3471 2986 3525 daun

632 3577 707 3632 up
746 3560 1034 3631 beslotten‚
1071 3562 1169 3615 dat
1204 3562 1292 3615 die
1330 3560 1515 3614 sulffte
1550 3561 1708 3614 vorth
1747 3578 1847 3615 van
1888 3561 2118 3615 stunden
2160 3578 2228 3614 an
2271 3563 2376 3615 mit
2412 3562 2562 3615 einer
2596 3560 2844 3615 credentz
2884 3577 2994 3614 ane

635 3649 757 3704 dem
795 3650 995 3704 Twiste
1034 3654 1244 3719 gemant,
1282 3649 1378 3703 der
1413 3650 1480 3702 do
1508 3649 1606 3702 ock
1645 3648 1790 3717 dagk
1825 3649 1936 3703 und
1973 3649 2141 3703 nacht
2175 3649 2407 3713 reisede;
2446 3649 2554 3703 und
2594 3666 2652 3703 so
2679 3649 2881 3702 Twiste
2915 3648 2988 3701 he

635 3738 730 3794 des
754 3738 964 3793 fursten
989 3740 1278 3808 meinunge
1316 3738 1663 3806 entdeckede,
1703 3738 1868 3791 sande
1894 3738 1961 3791 de
1989 3754 2053 3791 zu
2080 3738 2277 3806 fuegen
2314 3755 2381 3792 an
2410 3736 2627 3791 Herden
2652 3736 2761 3791 und
2785 3736 2984 3791 Schen-

635 3827 843 3897 ckinck,
882 3826 979 3881 dat
1015 3828 1092 3881 sie
1131 3827 1233 3881 (1011
1272 3831 1530 3896 ncgosten
1562 3826 1816 3896 folgende
1852 3843 2074 3895 morgen
2114 3825 2299 3879 solden
2338 3825 2529 3879 komen
2568 3841 2641 3894 up
2680 3826 2834 3879 einen
2872 3824 2998 3879 hoff

632 3915 693 3969 in
730 3915 827 3970 dat
861 3914 1095 3984 kerspell
1132 3932 1233 3969 van
1263 3916 1418 3968 einen
1458 3919 1666 3984 genant
1690 3915 1755 3969 de
1782 3914 2006 3968 Schulte
2033 3914 2184 3967 thom
2210 3913 2572 3980 Oldenhoeve,
2609 3913 2720 3967 und
2756 3914 2986 3982 bringen

634 4004 738 4057 mit
774 4003 890 4057 sich
928 4002 1015 4057 die
1053 4004 1246 4057 beiden
1273 4002 1614 4070 Wesselingk
1652 4002 1761 4056 und
1800 4019 1925 4056 eren
1963 4003 2330 4056 secretarium.
2367 4002 2451 4055 Do
2478 4001 2567 4055 die
2604 4001 2703 4055 dar
2739 4019 2992 4072 quemen,.

633 4094 772 4145 wort
807 4091 1119 4161 gehandelt,
1174 4091 1313 4145 doch
1350 4090 1503 4144 nicht
1538 4091 1741 4144 eutlick
1778 4090 2064 4158 beslotten,
2122 4090 2264 4144 unde
2304 4094 2437 4144 wcrt
2490 4089 2651 4144 echte
2687 4088 2829 4160 dage
2865 4090 2980 4144 dar·

634 4180 777 4235 nach
811 4180 1027 4236 wedder
1063 4182 1181 4234 eine
1217 4180 1459 4234 bikumst
1493 4196 1564 4249 up
1604 4180 1957 4249 densulvigen
1994 4179 2111 4233 hoff
2150 4179 2520 4234 bestemmet.“

851 4268 894 4334 ²)
931 4270 1035 4323 Die
1078 4269 1278 4335 „Kortc
1315 4268 1676 4338 antekunge“:
1739 4269 1942 4335 „Twist
1977 4286 2101 4323 nam
2139 4268 2253 4322 siclt
2291 4285 2387 4336 an,
2443 4267 2542 4321 dat
2575 4266 2646 4321 he
2682 4266 2780 4320 dat
2815 4266 2982 4320 wolde

633 4355 865 4426 bringen
902 4374 971 4411 an
1010 4356 1113 4411 deu
1151 4357 1379 4412 fursten.
1451 4357 1536 4411 Do
1574 4374 1649 4411 nu
1684 4356 1862 4412 weder
1909 4374 2012 4411 von
2050 4356 2398 4426 densolvigen
2454 4359 2558 4425 upt
2590 4355 2837 4425 lengeste
2873 4371 2993 4408 ver-
