3259 5075
1149 353 1336 420 Anno
1387 354 1558 421 1534
1602 357 1762 421 acta.
2497 359 2632 425 563

489 531 658 596 Hinc
703 530 818 596 ubi
863 531 1175 614 propheta
1219 531 1668 596 animadvertit
1713 532 1949 597 multos
1995 533 2062 596 in
2103 534 2260 598 urbe
2306 533 2628 618 mansisse,

247 639 386 722 -qui
433 658 559 703 non
591 656 666 702 ex
696 637 925 718 animo,
977 637 1085 702 sed
1127 639 1239 702 aut
1285 637 1580 716 simulate
1627 640 1740 703 a'ut
1785 637 1983 703 invite
2030 640 2141 703 aut
2185 641 2362 704 metu
2406 640 2631 705 mortis

274 744 484 809 adacti
533 748 646 810 aut
691 745 1000 810 bonorum
1066 762 1324 809 suorum
1370 743 1925 809 custodiendorum
1970 745 2175 828 gratia
2222 745 2545 828 commoti,
2596 766 2635 812 a

273 850 509 934 quibus
545 850 766 916 divelli
798 869 924 914 non
966 851 1279 932 poterant,
1328 848 1508 914 brevi
1537 849 1797 914 meliora
1844 853 2165 932 sperantes
2198 852 2634 935 anabaptisma

275 955 731 1038 suscepissent,
804 975 1016 1020 omnes
1076 955 1410 1038 utriusque
1479 974 1662 1020 sexus
1722 955 2008 1020 homines
2056 957 2135 1021 ad
2181 975 2475 1040 campum
2521 959 2633 1023 do-

273 1061 584 1126 minicum
630 1062 865 1126 iterum
911 1060 1236 1126 convocari
1283 1061 1463 1127 iubet
1483 1063 1523 1127 ¹.
1582 1059 1720 1139 Quo
1767 1080 1912 1126 cum
1960 1062 2051 1126 rei
2096 1064 2374 1129 novitate
2421 1064 2634 1129 allecti

274 1167 731 1249 convenissent,
780 1167 874 1232 ibi
921 1166 1230 1252 propheta
1273 1166 1462 1251 longa
1507 1167 1786 1232 oratione
1832 1167 1901 1232 in
1931 1168 2122 1233 falsos
2169 1169 2394 1233 fratres
2441 1172 2505 1235 et
2544 1169 2632 1235 si-

274 1273 551 1338 mulatos
599 1274 997 1356 christianoS,
1047 1292 1202 1357 quos
1251 1293 1465 1337 secum
1511 1273 1718 1337 adhuc
1763 1273 1831 1337 in
1878 1276 2033 1338 urbe
2083 1274 2407 1356 haberent,
2454 1275 2631 1341 inve-

275 1380 485 1462 hitur3
534 1379 677 1445 *eos
723 1381 892 1445 inter
933 1399 1112 1445 veros
1159 1378 1537 1445 christianos
1584 1379 1847 1444 minime
1892 1381 2179 1446 ferendos
2226 1400 2378 1447 esse.
2443 1382 2630 1447 Iubet
2654 1398 2751 1471 *μ
2787 1398 2914 1456 477.

273 1486 492 1570 itaque
521 1487 655 1569 hos,
705 1488 817 1570 qui
863 1489 1005 1570 post
1037 1487 1206 1550 diem
1242 1489 1345 1552 26.
1380 1485 1713 1551 Februarii
1758 1486 2015 1551 retincti
2051 1487 2326 1568 fuerunt,
2377 1488 2455 1551 ab
2488 1487 2631 1552 aliis

273 1592 345 1657 in
392 1594 704 1677 templum
733 1593 1217 1659 Lambertinum
1263 1594 1546 1659 secedere
1576 1593 1910 1676 Patrisque
1956 1593 2226 1677 gratiam
2272 1594 2629 1677 implorare,

276 1698 331 1764 si
370 1698 532 1763 forte
577 1701 907 1781 peccatum
953 1700 1107 1783 ipsis
1155 1700 1538 1781 remittatur,
1590 1718 1736 1763 cum
1782 1718 1908 1763 non
1942 1701 2162 1781 sponte
2195 1719 2326 1780 sua,
2377 1699 2483 1764 sed
2530 1699 2629 1764 in-

275 1804 398 1869 viti
445 1805 712 1870 foederis
745 1805 1105 1870 charactere
1153 1805 1282 1869 sint
1327 1803 1619 1888 insigniti
1651 1807 1716 1869 et
1745 1804 2000 1869 Patrem
2043 1806 2256 1870 fucata
2295 1806 2630 1870 sanctitate

276 1910 701 1995 simulataque
746 1912 1049 1996 religione
1080 1911 1454 1976 offenderint
1499 1931 1570 1976 ac
1602 1911 1768 1975 filios
1799 1912 1919 1976 Dei
1967 1930 2078 1976 sua
2123 1911 2450 1993 impietate
2483 1930 2630 1976 con-

274 2016 745 2082 taminaverint.
796 2018 864 2083 Si
897 2038 1041 2083 vero
1072 2018 1264 2083 Pater
1306 2019 1476 2101 ipsos
1509 2018 1576 2081 in
1607 2019 1881 2101 gratiam
1925 2037 2051 2083 non
2097 2018 2401 2100 receperit
2430 2038 2631 2102 neque

274 2122 626 2188 admissum
674 2125 906 2207 sceluS,
968 2143 1092 2208 quo
1140 2124 1453 2207 Spiritum
1500 2124 1801 2189 Sanctum
1848 2125 2067 2189 fallere
2112 2124 2454 2206 voluerint,
2505 2125 2629 2190 cle-

275 2230 522 2293 menter
551 2229 884 2312 remiserit,
933 2231 1104 2313 ipsos
1150 2231 1360 2313 gladio
1393 2232 1644 2314 piorum
1678 2250 1948 2297 casuroS.
1999 2232 2228 2315 Magna
2258 2231 2631 2296 miserorum

275 2334 608 2399 hominum
653 2336 1000 2401 multitudo
1048 2339 1181 2401 tam
1227 2337 1508 2402 virorum
1556 2357 1747 2421 quam
1794 2337 2136 2401 mulierum
2182 2337 2420 2402 recenti
2454 2337 2630 2402 clade

276 2440 655 2506 Ruesscheri
700 2442 924 2506 territa
969 2444 1034 2507 et
1078 2444 1475 2508 consternata
1519 2445 1699 2526 paret
1745 2446 1808 2507 et
1854 2443 1934 2508 ad
1974 2443 2286 2525 templum
2330 2443 2406 2508 D.
2440 2442 2630 2507 Lam-

277 2550 457 2614 berto
505 2554 938 2613 consecratum
978 2549 1214 2614 secedit
1257 2550 1472 2634 ibique
1520 2550 1816 2615 conclusa
1858 2550 2073 2633 gemit,
2124 2550 2398 2633 suspiria
2429 2551 2627 2632 ducit,

275 2656 487 2739 plorat
555 2674 856 2739 suamque
926 2656 1158 2720 sortem
1204 2658 1268 2721 et
1311 2656 1737 2721 calamitatem
1809 2658 2083 2722 extrema
2151 2657 2276 2722 sibi
2342 2660 2629 2722 metuens

274 2762 483 2827 deflet.
579 2762 680 2826 Ita
722 2762 792 2826 in
836 2762 1073 2844 templo
1121 2782 1233 2845 per
1278 2763 1521 2846 aliquot
1565 2763 1751 2829 horas
1799 2764 2141 2846 gemitibus
2188 2783 2261 2828 ac
2304 2763 2629 2828 lachrimis

275 2888 344 2934 se
390 2870 761 2950 conficiunt,
832 2871 909 2934 ut
954 2869 1058 2933 vix
1120 2869 1464 2934 humanam
1533 2890 1683 2952 prae
1731 2888 2010 2934 maerore
2056 2872 2121 2935 et
2164 2870 2385 2935 mortis
2453 2873 2632 2935 metu

278 2974 547 3040 formam
592 2975 917 3040 referrent.
1010 2974 1292 3040 Tandem
1338 2995 1484 3040 cum
1529 2977 1838 3058 propheta
1882 2975 2142 3040 armatis
2190 2975 2461 3057 stipatus
2508 2975 2631 3040 mi-

276 3081 501 3145 nistris
547 3081 774 3164 templi
820 3082 1098 3146 claustra
1139 3082 1396 3163 laxaret,
1468 3081 1562 3147 ibi
1608 3086 1763 3147 tunc
1810 3102 2024 3147 omnes
2072 3081 2265 3147 simul
2311 3080 2631 3164 provoluti

273 3188 547 3271 genibus
593 3188 985 3271 complicatis
1033 3187 1327 3252 manibus
1368 3190 1431 3252 et
1471 3188 1748 3253 confusis
1797 3188 2184 3272 singultibus
2232 3188 2443 3271 ipsum
2488 3207 2631 3270 pre-

279 3296 525 3377 cantur,
575 3297 667 3376 ut,
716 3313 863 3359 cum
907 3294 1042 3377 ipse
1090 3294 1175 3360 sit
1218 3294 1318 3359 vir
1347 3294 1485 3377 Dei,
1535 3297 1790 3360 sanctus
1837 3295 2159 3377 propheta·
2187 3294 2485 3377 Patrique
2532 3293 2630 3358 di-

276 3400 502 3482 lectu8,
549 3421 663 3484 pro
710 3421 775 3466 se
824 3420 968 3466 suas
1015 3401 1093 3465 ad
1125 3402 1378 3467 Patrem
1424 3402 1652 3467 fundat
1695 3421 1926 3483 preceS,
1977 3404 2050 3466 ut
2096 3401 2315 3466 delicti
2359 3400 2633 3484 gratiam

278 3506 642 3589 impetrent.
738 3508 880 3590 Ipse
949 3507 1155 3591 igitur
1213 3507 1389 3573 flexis
1458 3508 1726 3591 genibus
1794 3526 1907 3590 pro
1970 3508 2218 3590 captivo
2286 3507 2520 3590 populo
2566 3526 2631 3571 se

277 3611 534 3677 Patrem
598 3612 839 3696 precari
902 3612 1116 3696 fingit,
1187 3615 1332 3695 post
1376 3612 1697 3677 modicum
1763 3614 2065 3697 temporis
2113 3613 2324 3678 subito
2372 3613 2629 3678 exiliens

497 3894 540 3963 ¹)
575 3895 702 3965 Vgl.
740 3911 862 3948 zum
898 3894 1213 3965 Folgenden
1270 3893 1375 3949 den
1409 3894 1635 3949 Bericht
1670 3894 1739 3950 H.
1778 3894 1866 3948 Gr
1881 3894 2033 3948 esbe
2050 3893 2188 3948 ck’s
2243 3893 2298 3949 S.
2334 3893 2404 3946 23
2424 3893 2497 3961 111,
2535 3893 2632 3947 der

275 3984 354 4037 im
390 3983 687 4037 Einzelnen
722 4001 827 4037 von
863 3983 1091 4039 Kerss.’s
1129 3983 1491 4053 Schilderung
1527 3983 1811 4038 abweicht.
1863 3983 1961 4036 Bei
1998 3982 2114 4036 ihm
2150 3983 2278 4037 tritt
2312 3981 2485 4035 neben
2520 3981 2631 4035 Jan

277 4071 525 4141 Matthys
579 4072 871 4126 besonders
925 4071 1145 4125 Johann
1195 4089 1243 4127 v.
1281 4071 1484 4125 Leiden
1540 4070 1816 4125 handelnd
1872 4071 2090 4137 hervor3
2152 4087 2212 4125 er
2263 4074 2434 4124 neunt
2491 4069 2631 4124 auch

278 4159 635 4229 Slachtscaef,
673 4160 915 4230 Klopriss
952 4160 1065 4214 und
1101 4160 1420 4230 Krechting.
1471 4160 1574 4214 Die
1615 4159 1748 4214 Zahl
1788 4160 1883 4214 der
1919 4177 2006 4213 am
2034 4158 2120 4214 27.
2147 4159 2300 4213 Febr.
2329 4158 2630 4228 getauftem

267 4250 419 4319 jetzt
455 4249 510 4302 in
549 4248 635 4302 die
672 4248 1135 4303 Lambertikirche
1174 4247 1679 4318 eingeschlossenen
1704 4249 1931 4301 Manner
1968 4247 2121 4317 giebt
2158 4264 2216 4301 er
2252 4245 2352 4301 auf
2387 4247 2504 4313 „bei
2541 4247 2630 4302 die

278 4336 396 4390 drei
433 4336 694 4391 hondert⁴‘
724 4353 811 4403 an,
851 4336 938 4390 die
965 4336 1099 4390 zahl
1138 4336 1233 4391 der
1257 4337 1487 4402 Frauen,
1525 4336 1614 4389 die
1641 4340 1752 4390 erst
1783 4352 1869 4389 am
1896 4336 2130 4389 anderen
2157 4336 2309 4405 Tage
2346 4351 2441 4389 zur
2463 4335 2631 4390 Busse

273 4425 335 4478 in
373 4424 478 4480 den
515 4425 657 4480 Dom
693 4427 982 4480 verwiesen
1019 4425 1256 4493 war-den,
1300 4425 1400 4479 auf
1436 4425 1554 4491 „bei
1593 4424 1682 4478 die
1718 4428 1823 4478 twe
1861 4423 2105 4480 dusent.“

2422 4512 2539 4578 12*
