3259 5075
1154 290 1338 356 Anno
1394 293 1553 355 1541
1606 293 1763 355 acta.
2501 291 2630 355 911

279 467 542 532 siliariis
587 466 748 532 utile
793 467 1003 531 visum
1070 466 1267 531 fuerit
1333 468 1661 549 praesente
1721 466 1931 530 iudice
1989 466 2383 549 quaestiones
2432 468 2633 550 capti-

277 592 502 638 vorum
534 573 694 654 fieri,
730 592 795 637 se
825 575 1051 655 putare
1081 592 1207 637 non
1239 592 1370 638 esse
1402 572 1565 636 illud
1599 591 1819 655 operae
1851 573 2152 655 precium,
2189 592 2336 637 cum
2367 573 2634 638 crimina

278 697 316 743 a
360 678 485 743 reis
531 681 776 744 extorta
843 677 969 761 ipsi
1016 678 1377 759 offerantur,
1450 678 1616 741 unde
1676 697 1803 742 non
1850 678 2112 742 obscure
2179 678 2634 744 maleficiorum

278 784 788 849 circumstantias
848 784 1072 849 elicere
1140 786 1346 867 queat.
1398 822 1482 832 -
1530 782 1711 862 Quod
1778 783 1969 849 etiam
2038 783 2331 867 princeps
2400 786 2634 869 absque

279 894 534 955 senatus
580 891 907 956 voluntate
954 890 1330 955 facinerosos
1377 891 1652 954 relaxare
1698 890 1924 972 possit,
1998 910 2121 954 non
2170 890 2305 955 sine
2351 891 2633 974 periculo

275 997 663 1079 reipublicae
694 997 761 1061 id
790 997 1103 1077 futurum,
1153 1015 1298 1061 cum
1330 996 1759 1060 incendiarius
1794 998 1857 1061 et
1886 996 2048 1060 latro
2094 997 2394 1078 pecuniae
2425 998 2632 1080 gratia

275 1102 379 1167 vel
423 1102 550 1167 alia
594 1103 671 1167 de
702 1122 892 1168 00030
922 1122 959 1167 a
987 1103 1271 1185 principe
1318 1102 1583 1167 relaxari
1630 1102 1849 1185 possit.
1901 1140 1981 1149 —
2032 1101 2214 1181 Quod
2260 1105 2472 1167 autem
2519 1123 2631 1186 ap-

275 1210 637 1292 pellationis
670 1211 898 1273 natura
940 1209 1311 1289 invertatur,
1360 1227 1506 1272 cum
1539 1228 1576 1271 a
1607 1207 1843 1272 iudicio
1889 1207 2197 1291 principis
2230 1208 2309 1272 ad
2341 1210 2631 1274 senatum

275 1315 666 1397 appellatum
713 1315 815 1396 sit,
865 1315 945 1379 ad
990 1315 1108 1380 hoc
1156 1334 1221 1380 se
1268 1315 1674 1397 respondere:
1746 1314 2232 1397 appellationem
2278 1315 2460 1380 illam
2503 1336 2630 1382 000

276 1439 430 1503 esse,
479 1420 589 1485 sed
635 1421 848 1503 potius
919 1421 1314 1501 relationem,
1386 1420 1819 1485 reductionem
1887 1422 2075 1504 atque
2122 1422 2627 1506 instructionem,

272 1545 421 1591 cum
468 1547 539 1590 ex
584 1526 811 1591 iisdem
857 1527 1016 1591 actis
1074 1526 1205 1591 fiat.
1301 1526 1601 1591 Senatum
1663 1525 1832 1589 enim
1878 1544 2024 1589 cum
2070 1527 2332 1592 consilio
2393 1527 2625 1595 iudicis

272 1652 348 1697 ex
393 1631 620 1697 iisdem
652 1632 809 1697 actis
857 1633 1059 1697 facere
1104 1631 1607 1709 declarationem,
1658 1634 1723 1696 et
1768 1651 1901 1697 esse
1945 1632 2109 1697 11000
2141 1652 2333 1697 unam
2379 1633 2625 1699 instan-

273 1739 450 1803 tiam.
504 1777 588 1786 -
636 1736 1003 1803 *Publicam
1050 1739 1451 1802 securitatem
1487 1739 1550 1801 et
1595 1739 2014 1802 commeatum
2060 1757 2321 1821 semper,
2369 1741 2446 1803 ut
2489 1740 2624 1804 dic-

273 1846 416 1909 tum
462 1844 549 1909 sit
593 1863 805 1927 supra,
877 1844 1230 1927 antiquitus
1279 1844 1498 1909 datum
1545 1844 1758 1924 fuisse,
1831 1863 2031 1927 neque
2078 1863 2144 1907 se
2190 1843 2419 1925 videre,
2468 1864 2622 1929 quo·

273 1951 457 2016 modo
504 1951 659 2016 haec
707 1950 1091 2016 consuetudo
1142 1969 1289 2014 0010
1335 1950 1651 2033 aequitate
1697 1952 1950 2032 pugnet.
2004 1988 2089 1997 —
2135 1949 2235 2013 Ad
2280 1950 2625 2016 articulum

269 2057 677 2141 gograviatus
726 2057 999 2122 Sendani
1045 2076 1109 2121 se
1153 2075 1354 2140 neque
1423 2057 1611 2120 aliter
1657 2057 1815 2121 scire
1884 2075 2085 2138 neque
2145 2056 2460 2122 audivisse
2505 2077 2626 2122 un-

275 2182 484 2247 quam,
537 2182 726 2247 quam
770 2163 940 2227 111100
985 2183 1022 2227 0
1053 2163 1374 2228 nobilibus
1422 2162 1499 2226 de
1546 2163 1982 2227 Schonebecke
2026 2164 2293 2246 pecunia
2339 2167 2627 2247 emptum

273 2288 406 2333 esse
453 2271 518 2334 et
561 2287 599 2332 a
629 2271 853 2334 senatu
898 2272 1042 2334 ante
1087 2269 1416 2334 hominum
1463 2270 1830 2333 memoriam
1876 2288 2250 2355 possessum.
2289 2306 2372 2317 —
2412 2268 2625 2348 Quan-

272 2376 413 2439 tum
454 2375 532 2439 ad
579 2376 973 2458 eruptionem
1006 2375 1277 2455 civilem,
1329 2375 1402 2454 si,
1439 2394 1561 2458 quo
1610 2378 1888 2457 tempore
1920 2377 1985 2440 et
2020 2373 2089 2440 in
2120 2394 2246 2458 qua
2292 2394 2480 2440 causa
2523 2376 2625 2440 in-

272 2480 511 2547 iustam
558 2482 953 2565 eruptionem
983 2481 1265 2563 fecerint,
1315 2481 1441 2547 sibi
1488 2482 1827 2564 aperiatur,
1879 2501 1943 2546 se
1976 2481 2110 2546 eius
2142 2480 2450 2547 rationem
2482 2482 2624 2547 red-

272 2587 536 2653 diturae.
606 2589 774 2653 Hinc
805 2588 1029 2653 misere
1061 2591 1125 2653 et
1170 2589 1468 2653 flebiliter
1514 2593 1885 2672 queruntur,
1936 2588 2088 2672 quid
2120 2588 2427 2670 superiori
2461 2608 2622 2654 0000

271 2713 461 2777 prope
509 2694 974 2777 Schoppingam
1020 2694 1266 2759 civibus
1314 2695 1445 2758 suis
1494 2694 1813 2758 acciderit.

482 2800 637 2865 Post
707 2798 1224 2864 deliberationem
1291 2799 1579 2864 habitam
1650 2799 1997 2864 consiliarii
2065 2800 2477 2882 respondent:
2545 2801 2623 2866 Se

270 2905 563 2988 pluribus
609 2906 817 2971 verbis
864 2926 1009 2971 cum
1056 2907 1278 2971 senatu
1327 2925 1449 2970 000
1496 2906 1941 2985 1100011010103,
1992 2905 2100 2970 3011
2132 2924 2219 2987 00,
2270 2924 2427 2989 0000
2473 2907 2624 2970 3001

268 3011 576 3094 producta
606 3013 671 3076 et
702 3012 1040 3094 proposita,
1091 3012 1171 3076 ad
1218 3012 1568 3095 principem
1603 3011 1929 3079 relaturos.
1986 3012 2207 3094 Ipsum
2240 3012 2374 3077 31110
2407 3011 2620 3094 dubie,

270 3136 429 3201 quae
496 3117 803 3202 aequitati
864 3117 995 3182 3101
1040 3118 1412 3197 conformia,
1484 3122 1796 3181 acturum.
1889 3117 2126 3183 Verum
2188 3119 2496 3201 quantum
2543 3118 2619 3182 ad

267 3223 672 3307 gograviams
735 3214 1054 3288 'iudicium
1099 3224 1167 3288 in
1216 3224 1515 3288 civilibus
1564 3223 1769 3287 causis
1816 3223 2064 3304 attinet,
2139 3242 2272 3288 sese
2318 3224 2619 3289 extricare

270 3329 551 3394 nondum
596 3348 794 3412 posse,
867 3349 1024 3412 quae
1069 3332 1213 3413 post
1278 3330 1476 3394 latam
1545 3329 1923 3394 sententiam
1967 3348 2156 3394 causa
2200 3328 2283 3393 ad
2329 3332 2622 3395 senatum

268 3434 355 3499 sit
401 3436 753 3514 referenda;
806 3454 870 3500 30
901 3435 1116 3519 itaque
1163 3436 1552 3519 respondere,
1603 3435 1770 3518 quod
1816 3455 1941 3499 non
1988 3435 2075 3500 sit
2118 3435 2423 3516 reductio,
2473 3454 2622 3501 cum

265 3541 348 3605 ab
394 3541 651 3606 arbitris
700 3542 1013 3607 sententia
1058 3561 1185 3606 non
1216 3542 1301 3606 sit
1346 3543 1492 3606 lata.
1545 3541 1829 3606 Secundo
1876 3541 2246 3606 relationem
2292 3560 2417 3605 non
2462 3559 2616 3624 esse,

269 3666 414 3711 cum
460 3667 532 3712 ea
581 3650 725 3713 ante
770 3647 968 3713 latam
1032 3648 1411 3713 sententiam
1465 3648 1595 3713 fiat.
1690 3647 2048 3712 Relationes
2114 3666 2359 3731 quoque
2428 3646 2621 3712 aliam

266 3753 496 3819 habere
543 3757 837 3819 naturam
880 3756 946 3819 et
990 3754 1069 3819 ad
1116 3754 1499 3837 superiorem
1548 3753 1705 3818 fieri.
1799 3753 1972 3817 Illud
2029 3758 2243 3818 tamen
2288 3752 2415 3818 sibi
2457 3753 2618 3818 utile

265 3858 487 3943 videri,
534 3861 610 3924 ut
654 3860 760 3924 hic
806 3860 1113 3926 articulus
1159 3861 1239 3924 ad
1270 3860 1695 3945 cognitionem
1738 3859 2045 3943 principis
2093 3861 2158 3924 et
2201 3860 2398 3924 totius
2447 3859 2617 3925 dioe-

266 3966 424 4031 cesis
470 3965 816 4032 reiiciatur.
867 4004 953 4015 —
1001 3966 1182 4047 Quod
1247 3967 1580 4033 facinerosi
1650 3967 1883 4050 absque
1930 3966 2184 4030 senatus
2230 3983 2534 4029 consensu
2581 3983 2620 4029 a

266 4071 551 4156 principe
595 4092 724 4137 000
769 4072 901 4138 3101
944 4072 1281 4156 relaxandi,
1333 4093 1397 4139 se
1429 4094 1501 4138 ea
1545 4073 1611 4138 in
1661 4093 1727 4137 re
1767 4071 2041 4136 mediam
2087 4071 2405 4155 quandam
2448 4071 2620 4136 viam

265 4178 669 4261 excogitasse,
717 4178 881 4244 11000
911 4178 1228 4261 videlicet,
1276 4179 1444 4264 quod
1475 4179 1531 4243 si
1562 4179 1856 4262 princeps
1904 4178 2265 4243 maleficum
2294 4177 2617 4242 dimittere

265 4284 440 4366 velit,
490 4303 677 4368 quem
723 4287 977 4350 senatus
1023 4304 1150 4350 000
1181 4303 1313 4351 0330
1360 4284 1813 4350 dimittendum
1859 4283 2216 4367 contendat,
2265 4303 2304 4349 a
2330 4283 2616 4368 principe

2651 1755 2747 1827 *μ
2784 1757 2911 1812 652.
