3259 5075
1144 267 1328 332 Anno
1379 268 1552 332 1534
1595 268 1754 332 acta.
2490 267 2620 333 623

263 463 486 509 verum
517 444 632 508 ubi
675 444 1155 528 polygamorum
1199 445 1456 509 turbam
1486 443 1814 509 fortiorem
1843 462 1976 508 esse
2008 443 2618 526 animadvertissent,

265 570 332 616 se
365 570 402 615 a
433 570 692 617 suorum
736 569 997 616 numero
1029 551 1110 616 ad
1154 550 1522 634 polygamos
1570 551 2022 616 subduxerunt.
2091 546 2230 626 Qua
2275 548 2621 614 defectione

265 655 472 722 *cives
540 655 750 721 territi
815 655 1050 740 viginti
1109 659 1382 722 armatos
1452 656 1632 741 quasi
1678 656 1933 741 vigilias
1997 656 2255 720 diurnas
2323 655 2622 721 firmandi
2645 670 2742 743 tp.
2778 669 2905 727 515,

265 782 456 827 causa
501 763 582 828 ad
627 763 1012 828 munitiones
1060 763 1238 828 urbis
1286 782 1320 828 e
1350 764 1484 828 foro
1529 764 1819 845 mittunt,
1868 765 1944 827 ut
1987 763 2100 827 aut
2143 762 2623 845 polygamorum

265 870 509 934 animos
566 872 696 952 aut,
744 868 900 954 quid
944 869 1177 934 facturi
1223 869 1371 952 sint,
1437 871 1797 952 pertentent
1843 871 1909 934 et
1953 868 2304 951 explorent,
2353 886 2625 951 quorum

266 994 532 1040 venerea
559 975 781 1041 cohors
828 974 1159 1039 duodecim
1191 974 1360 1057 capit
1405 974 1672 1058 reliquis
1720 973 1799 1038 ad
1844 974 2053 1040 forum
2104 973 2409 1057 repulsis3
2458 991 2622 1038 unus

266 1084 481 1147 tamen
548 1082 1033 1165 polygamorum
1077 1101 1115 1146 a
1158 1080 1553 1164 fugientibus
1624 1082 1937 1146 tormento
1999 1080 2299 1145 traiectus
2361 1078 2622 1163 expirat.

267 1188 433 1255 Cum
493 1188 749 1254 tandem
795 1188 1068 1254 advenae
1133 1188 1456 1272 polygami
1518 1187 1800 1253 excubiis
1859 1186 2243 1252 munitiones
2290 1184 2467 1251 urbis
2513 1185 2624 1249 fir-

268 1296 547 1360 massent
592 1297 657 1360 et
702 1315 848 1360 suas
893 1297 1103 1378 partes
1150 1295 1303 1360 satis
1349 1297 1637 1378 potentes
1684 1313 1819 1359 esse
1864 1293 2180 1377 putarent,
2230 1292 2398 1358 circa
2433 1292 2624 1356 meri-

268 1400 439 1465 diem
485 1401 555 1465 in
617 1400 894 1466 forenses
962 1400 1274 1484 impetum
1344 1400 1630 1466 faciunt¹
1678 1401 1744 1465 et
1789 1399 2034 1482 spiculo
2103 1399 2350 1464 eminus
2397 1398 2623 1463 emisso

267 1508 706 1573 Hermannum
753 1508 1141 1590 Krampeum
1189 1508 1400 1573 subito
1448 1508 1742 1572 sternunt
1762 1508 1803 1589 ²,
1853 1506 2033 1571 cuius
2075 1525 2226 1571 casu
2271 1506 2438 1571 cives
2481 1524 2625 1588 per-

267 1612 438 1678 culsi
482 1615 546 1678 et
604 1632 750 1678 cum
820 1612 1198 1679 infirmiores
1262 1632 1327 1678 se
1389 1632 1522 1677 esse
1587 1612 1903 1693 viderent,
1972 1612 2040 1677 in
2088 1612 2331 1677 curiam
2398 1609 2625 1676 salutis

268 1718 649 1784 differendae
696 1739 884 1785 causa
940 1739 1072 1785 sese
1142 1720 1459 1803 recipiunt
1524 1719 1812 1802 foresque
1881 1718 2116 1800 raptim
2162 1719 2407 1783 clausas
2453 1737 2625 1783 com-

268 1826 591 1891 muniunt.
657 1826 774 1891 Sed
808 1846 956 1892 cum
1002 1827 1192 1892 turba
1237 1827 1407 1891 salax
1451 1825 1827 1891 bombardas
1873 1824 2139 1889 maiores
2186 1844 2301 1906 per
2328 1823 2623 1888 mulieres

269 1931 340 1996 in
371 1932 582 1998 forum
612 1934 912 1999 attractas
959 1933 1399 2017 confringendi
1443 1933 1606 1997 fores
1653 1932 1861 2015 gratia
1890 1930 2101 1996 curiae
2147 1930 2621 2011 admolirentur,

267 2040 732 2104 tormentorum
778 2040 944 2105 ictus
991 2040 1342 2105 metuentes
1390 2059 1463 2104 ex
1507 2038 1795 2103 inferiori
1863 2037 2073 2103 curiae
2118 2037 2255 2102 loco
2303 2037 2372 2100 in
2417 2034 2626 2119 proxi-

270 2163 452 2209 mum
510 2143 796 2228 superius
866 2147 1228 2212 tabulatum
1290 2146 1657 2210 ascendunt.
1749 2143 2044 2209 Advenae
2088 2162 2235 2208 vero
2304 2140 2628 2225 polygami

269 2269 419 2316 cum
479 2251 700 2316 insano
760 2252 1005 2334 impetu
1051 2254 1116 2318 et
1158 2253 1430 2318 clamore
1498 2251 1773 2316 effractis
1844 2249 2084 2315 foribus
2135 2248 2203 2313 in
2249 2248 2491 2313 curiam
2536 2246 2626 2311 ir-

268 2358 471 2421 ruunt
541 2356 758 2441 ibique
805 2377 950 2422 suos
1010 2377 1295 2441 proceres
1343 2359 1408 2423 et
1451 2356 1918 2422 concionatores
1978 2354 2048 2419 in
2092 2353 2367 2438 hypogio
2416 2352 2629 2417 curiae

272 2462 561 2528 detentos
591 2464 822 2527 laxant.
881 2463 1164 2548 Cumque
1193 2464 1407 2528 hostes
1441 2483 1586 2528 suos
1618 2463 1978 2527 tabulatum
2022 2460 2381 2546 proximum
2412 2479 2627 2524 ascen-

271 2569 442 2635 disse
490 2569 774 2635 viderent
818 2571 939 2653 ita,
989 2573 1064 2635 ut
1108 2570 1210 2635 ius
1255 2570 1457 2654 gladii
1501 2570 1572 2634 in
1616 2569 1763 2634 illos
1811 2568 2108 2634 continuo
2176 2587 2456 2633 exercere
2502 2585 2629 2631 non

269 2678 533 2760 possent
578 2696 778 2761 neque
825 2676 1041 2742 eodem
1086 2677 1331 2760 impetu
1375 2677 1545 2760 ipsos
1593 2674 1886 2759 persequi
1932 2674 2251 2756 auderent,
2303 2673 2417 2738 alii
2460 2673 2629 2738 infra

271 2782 638 2848 tabulatum
682 2783 922 2866 passim
967 2782 1322 2866 sphaerulis
1368 2781 1719 2863 traiiciunt,
1779 2780 1892 2845 alii
1937 2781 2250 2844 tormenta
2293 2778 2630 2862 grandiora

271 2888 356 2954 ad
401 2888 866 2954 demoliendam
909 2889 1151 2954 curiam
1196 2888 1349 2954 foris
1397 2890 1638 2972 aptant.
1703 2886 1921 2952 Miseri
1966 2905 2111 2950 vero
2160 2884 2325 2950 cives
2373 2902 2487 2948 sua
2517 2902 2627 2966 spe

271 2994 504 3060 deiecti
549 3014 583 3059 e
625 2996 900 3060 fenestra
967 2995 1179 3061 curiae
1248 2996 1542 3079 protenso
1611 2993 1778 3077 pileo
1841 3013 1907 3058 se
1951 2991 2193 3057 dedunt
2239 2991 2305 3056 et
2362 2989 2626 3055 abiectis

271 3100 469 3166 armis
517 3102 881 3184 supplicant
924 3101 1412 3186 rebellionisque
1457 3100 1732 3185 gratiam
1777 3099 2063 3184 poscunt.
2157 3097 2324 3162 Hinc
2371 3096 2627 3161 descen-

271 3207 440 3272 dunt
484 3210 550 3273 et
595 3208 1066 3292 impudicorum
1109 3208 1394 3274 hostium
1438 3207 1706 3273 arbitrio
1755 3226 1888 3273 sese
1933 3204 2345 3270 committunt
2361 3204 2405 3268 ⁸.
2481 3202 2631 3268 Dici

270 3313 380 3378 vix
426 3316 642 3398 queat,
708 3317 943 3397 quanto
1011 3315 1220 3379 furore
1267 3314 1470 3381 omnis
1532 3311 2038 3378 mansuetudinis
2086 3313 2151 3376 et
2207 3308 2628 3375 humanitatis

273 3420 464 3486 obliti
509 3421 577 3485 in
622 3420 737 3486 hos
782 3422 1104 3504 irruerint,
1153 3423 1390 3505 quanta
1432 3421 1830 3486 immanitate
1876 3438 1979 3484 eos
2027 3417 2325 3500 ceperint,
2374 3416 2628 3500 quantis

270 3526 644 3593 verberibus
689 3527 1112 3611 pulsaverint,
1161 3528 1413 3612 quantis
1461 3527 1757 3592 convitiis
1804 3527 1869 3590 et
1911 3524 2267 3590 maledictis
2312 3522 2629 3606 proscide-

271 3632 437 3715 rint,
511 3634 745 3717 quanta
790 3633 1058 3718 denique
1120 3634 1384 3699 saevitia
1426 3634 1496 3698 in
1542 3651 1819 3698 carceres
1881 3631 2282 3696 detruserint.
2375 3629 2629 3695 Diceres

494 3827 537 3897 ¹)
573 3828 732 3882 Nach
768 3827 838 3882 H.
877 3826 1005 3882 Gre
1020 3826 1089 3881 sb
1105 3826 1217 3881 eck
1252 3826 1409 3882 hatte
1445 3825 1673 3881 Tilbeck
1707 3826 1812 3880 mit
1847 3825 2023 3880 einem
2060 3822 2183 3878 Teil
2220 3822 2316 3878 der
2349 3822 2631 3877 Aeltesten

270 3914 470 3970 vorher
493 3915 633 3970 noch
658 3916 764 3971 den
786 3915 1033 3971 Versuch
1056 3915 1326 3986 gemacht,
1355 3915 1512 3970 einen
1540 3915 1823 3985 giitlichen
1847 3911 2138 3983 Vergleich
2162 3911 2629 3967 herbeizuf‘uhren.

271 4004 405 4058 Erst
428 4002 510 4058 als
536 4004 632 4059 der
654 4004 898 4061 Versuch
937 4003 1267 4074 gescheitert
1289 4020 1419 4072 war,
1454 4003 1683 4058 riickten
1709 4003 1797 4057 die
1820 4002 2116 4071 Anhanger
2138 4000 2235 4055 der
2257 3999 2632 4056 Vielweiberei

271 4092 334 4145 in
370 4091 468 4146 der
503 4092 698 4147 Starke
733 4110 838 4147 von
874 4092 980 4147 500
1016 4092 1145 4147 oder
1182 4093 1287 4147 600
1321 4092 1491 4146 Mann
1527 4108 1705 4163 gegen
1740 4090 1858 4144 ihre
1896 4089 2273 4144 Widersacher
2305 4105 2417 4144 vor.

494 4179 538 4251 ⁹)
575 4180 703 4250 vgl.
738 4181 809 4237 H.
849 4180 1206 4236 Gresbeck
1255 4179 1310 4235 S.
1351 4180 1437 4249 76,
1493 4178 1589 4234 der
1624 4179 1755 4234 aber
1792 4178 1898 4233 den
1932 4178 2147 4232 Namen
2183 4178 2277 4233 des
2314 4176 2633 4249 getodteten

271 4269 515 4340 Biirgers
551 4269 708 4324 nicht
742 4273 929 4324 nennt.

495 4357 540 4429 ⁸)
575 4357 737 4413 Nach
771 4357 842 4414 H.
870 4357 1210 4413 Gresbeck
1245 4356 1441 4415 amo.
1476 4358 1678 4428 betrug
1711 4355 1802 4412 die
1827 4354 1963 4410 zahl
1999 4355 2095 4410 der
2121 4354 2473 4427 Gesangenen
2512 4356 2631 4411 120.
