3259 5075
1170 337 1351 400 Anno
1406 335 1574 401 1535
1619 336 1776 400 acta.
2506 333 2637 399 823

514 513 775 578 Ioannes
818 512 1017 594 Floer,
1069 511 1317 577 coriarii
1360 510 1667 593 minister,
1740 511 2150 576 defectionem
2206 511 2418 594 potius
2465 511 2638 576 clan-

307 620 607 686 culariam
651 620 949 685 meditari
977 621 1199 701 voluit,
1249 639 1435 705 quam
1466 640 1503 685 a
1532 639 1677 703 rege
1708 619 1970 685 exeundi
2009 618 2375 683 facultatem
2407 618 2634 700 petere,

308 744 493 809 quam
537 728 747 792 tamen
793 746 940 792 cum
1001 746 1221 793 causae
1265 726 1622 810 cognitione
1667 726 1736 790 in
1781 745 1852 791 eo
1895 744 2106 791 mense
2165 722 2574 807 permittebat
2591 725 2633 787 ¹.

306 831 456 898 Ideo
497 835 719 917 captus
764 836 829 898 et
879 835 979 900 10.
1028 834 1129 899 die
1172 833 1345 898 Iunii
1398 833 1597 916 gladii
1641 851 1873 916 poenae
1915 831 2334 898 adiudicatur.

517 940 867 1005 Alexander
908 939 1474 1022 Buschoducensis,
1507 940 1757 1023 reginae
1785 939 2312 1018 hemerodromus,
2345 937 2640 1003 defectio-

309 1063 453 1109 nem
497 1045 740 1129 agitans
771 1064 1030 1111 aureum
1063 1044 1370 1110 annulum
1415 1045 1540 1110 sibi
1571 1065 1609 1110 a
1638 1045 1892 1110 domina
1936 1063 2052 1110 sua
2096 1044 2395 1110 donatum
2442 1044 2642 1109 soleae

308 1151 552 1217 sinistri
595 1152 773 1235 pedis
820 1172 931 1236 pro
976 1151 1208 1217 viatico
1254 1151 1511 1217 suffixit.
1598 1151 1675 1216 In
1721 1170 1844 1235 quo
1891 1151 2059 1216 furto
2106 1169 2252 1215 cum
2298 1150 2640 1233 deprehen-

2668 849 2735 891 10.
2763 844 2899 892 Juni-

305 1256 578 1340 deretur,
632 1264 730 1323 11.
764 1258 936 1324 Iunii
981 1259 1059 1323 ad
1104 1258 1371 1323 viridem
1400 1277 1702 1342 quercum
1745 1258 1814 1323 in
1857 1259 2070 1323 monte
2110 1256 2334 1340 Syouis
2381 1275 2640 1340 suspen·
2669 1275 2736 1317 n.
2764 1270 2901 1318 σω.

307 1381 413 1428 sus
459 1363 706 1429 interiit
724 1367 765 1430 ².

519 1471 846 1537 Elizabeth
877 1472 1348 1537 Wantscherers
1381 1491 1419 1536 a
1449 1473 1669 1537 crebra
1711 1470 1990 1536 maritali
2035 1471 2485 1538 consuetudine
2531 1472 2642 1536 ab·

305 1577 565 1643 horrens
608 1577 862 1643 Reineri
906 1578 1354 1659 Hardewiceni,
1403 1578 1632 1661 prioris
1681 1578 1783 1643 sui
1826 1577 2061 1660 mariti,
2111 1598 2312 1644 mores
2359 1579 2643 1644 aversata

305 1683 529 1767 effugit
576 1686 639 1749 et
683 1684 855 1751 haud
899 1684 1118 1768 procul
1166 1704 1204 1749 a
1248 1683 1508 1750 Clivicis
1572 1685 1796 1750 castris
1842 1687 2016 1749 extra
2060 1684 2301 1765 urbem,
2349 1684 2463 1750 ubi
2509 1703 2641 1750 sese

304 1789 686 1872 condiderat,
755 1794 1003 1874 reperta
1046 1792 1112 1857 in
1159 1793 1383 1857 urbem
1428 1791 1756 1856 reducitur
1797 1794 1862 1857 et
1905 1791 2132 1856 marito
2181 1791 2637 1857 reconciliatur.

303 1895 456 1961 Post
500 1896 633 1962 dies
678 1917 824 1963 vero
870 1908 1107 1981 paucos·
1146 1898 1372 1964 marito
1423 1900 1672 1963 mortuo
1715 1897 2074 1981 Augustino
2118 1898 2490 1963 Torrentino
2537 1917 2641 1963 co-

303 2006 639 2086 gnomento
682 2003 1124 2069 Cloterberndt
1167 2004 1379 2086 nubit,
1445 2022 1634 2088 quem
1679 2022 1825 2068 cum
1867 2002 2028 2068 ferre
2073 2023 2198 2069 non
2244 2006 2479 2086 posset,
2543 2003 2641 2067 di-

303 2109 581 2174 vortium
624 2110 797 2195 regia
848 2111 1222 2177 auctoritate
1252 2111 1391 2176 fieri
1434 2111 1717 2194 postulat
1761 2128 2024 2194 querens
2056 2129 2121 2174 se
2152 2109 2350 2192 patris
2383 2109 2646 2175 saevitia

304 2215 383 2279 ad
428 2215 547 2281 hoc
613 2217 1001 2283 connubium
1069 2218 1476 2301 compulsam,
1570 2216 1751 2297 Quod
1819 2235 1964 2281 cum
2029 2219 2208 2300 pater
2266 2217 2331 2281 in
2381 2215 2644 2282 consilio

303 2322 467 2405 regis
512 2342 731 2389 verum
777 2344 908 2391 esse
953 2325 1346 2405 affirmasset,
1394 2324 1742 2390 divortium
1788 2323 2189 2407 approbatur.
2252 2323 2648 2407 Obiurgatur

302 2430 511 2493 tamen
557 2429 772 2512 puella
816 2450 853 2495 a
897 2433 1077 2514 patre
1137 2431 1416 2497 levitatis
1464 2432 1530 2496 et
1573 2429 1743 2514 quod
1790 2429 2209 2496 obedientiam
2255 2415 2482 2494 marito
2530 2448 2646 2494 suo

303 2533 543 2601 debeat.
643 2536 1150 2621 „Nequaquam,“
1202 2536 1413 2622 inquit
1471 2538 1610 2620 illa,
1666 2536 1915 2619 „virum
1976 2536 2145 2602 enim
2211 2537 2276 2602 in
2323 2537 2441 2601 hac
2487 2537 2647 2602 urbe

303 2660 426 2706 non
472 2661 606 2707 esse
650 2643 955 2724 existimo,
1024 2644 1134 2727 qui
1178 2663 1278 2709 me
1325 2642 1680 2708 domiturus
1727 2642 1880 2708 sit!“
1974 2642 2145 2723 Quae
2202 2644 2449 2727 puellae
2495 2662 2645 2726 pro-

301 2747 502 2813 tervia
561 2767 708 2813 cum
772 2749 851 2813 ad
895 2768 1104 2832 regem
1167 2751 1330 2815 esset
1373 2750 1607 2831 delata,
1678 2750 1975 2815 continuo
2041 2768 2176 2814 eam
2221 2749 2288 2814 in
2335 2767 2648 2813 carcerem

301 2854 529 2919 coniici
574 2855 771 2919 iubet.
847 2854 1003 2920 Inde
1047 2855 1241 2920 biduo
1288 2858 1498 2921 exacto
1544 2874 1683 2920 eam
1726 2855 1805 2921 ad
1854 2875 1920 2920 se
1965 2855 2112 2920 duci
2155 2854 2479 2938 praecipit.
2559 2854 2647 2919 Et

300 2978 448 3024 cum
491 2960 708 3044 puella
774 2959 1119 3026 liberaliori
1163 2961 1365 3027 forma
1409 2959 1638 3026 *essetz
1691 2961 1859 3042 „Si,“
1909 2960 2120 3043 inquit
2163 2979 2287 3041 rex,
2342 2959 2644 3043 „posthac

301 3065 369 3130 in
416 3065 806 3131 obedientiae
850 3069 914 3133 et
958 3067 1366 3133 verecundiae
1428 3066 1636 3133 officio
1683 3069 1747 3131 te
1793 3066 2111 3132 continere
2156 3067 2325 3131 voles
2339 3117 2356 3148 ,
2420 3085 2532 3150 ego
2578 3069 2645 3132 te

300 3171 369 3236 in
399 3190 653 3238 uxorem
697 3173 990 3240 duxero.“
1046 3173 1143 3239 Ad
1193 3193 1352 3259 quae
1382 3173 1746 3240 Elizabeth:
1799 3173 1966 3256 „Si,“
2016 3172 2244 3257 inquit,
2299 3191 2445 3256 „rex
2487 3173 2643 3238 illu-

300 3437 462 3492 zwolf
493 3437 693 3493 Stiicke
729 3439 996 3494 zerhauen
1031 3437 1145 3493 und
1193 3439 1349 3508 jedes
1387 3437 1556 3493 Stiick
1605 3438 1916 3494 ausserhalb
1954 3438 2050 3493 der
2085 3437 2248 3493 stadt
2284 3437 2641 3509 ausgehangt.

298 3528 417 3582 Den
443 3526 594 3597 Kopf
624 3527 746 3582 liess
771 3527 868 3583 der
890 3529 1073 3599 Konig
1096 3527 1197 3582 auf
1217 3529 1364 3582 einer
1388 3529 1592 3598 Stange
1618 3527 1718 3581 auf
1737 3527 1841 3582 den
1866 3528 2035 3583 Turni
2060 3527 2155 3582 des
2178 3527 2377 3582 Domcs
2403 3528 2638 3583 steckeu.

303 3614 431 3683 „Ale
469 3633 528 3670 er
562 3616 822 3687 gerichn‘
863 3621 1005 3672 setzt
1040 3617 1184 3672 daun
1220 3617 1360 3672 noch
1396 3616 1675 3671 Justinian
1711 3635 1761 3673 v.
1786 3616 2155 3672 Holtzhausen
2191 3616 2355 3671 hinzu
2394 3616 2640 3686 (ahnlich

298 3703 439 3759 auch
473 3704 544 3760 H.
571 3705 882 3774 Gresbeck),
924 3747 970 3773 „.
994 3747 1007 3760 .
1029 3747 1042 3760 .
1079 3723 1206 3761 nam
1244 3708 1408 3775 einer,
1447 3709 1654 3776 genant
1689 3707 1877 3761 mister
1913 3705 2056 3775 Clos,
2095 3707 2182 3761 ein
2219 3704 2492 3760 Holender
2525 3706 2640 3760 und

297 3793 595 3864 predicant,
632 3796 766 3864 sein,
803 3795 897 3850 des
935 3795 1231 3866 gerichten,
1269 3795 1420 3850 hertz
1458 3794 1567 3849 und
1602 3794 1771 3865 leber,
1810 3794 1979 3866 druge
2017 3796 2114 3851 das
2150 3795 2312 3863 heim,
2350 3795 2545 3849 kochet
2581 3812 2642 3850 es

298 3882 409 3936 und
446 3885 581 3937 ass.“

516 3972 558 4041 ¹)
594 3972 719 4044 Vgl.
756 3974 894 4028 dazu
930 3974 999 4028 H.
1039 3973 1377 4028 Gresbeck
1413 3973 1468 4028 S.
1511 3972 1611 4026 172
1648 3989 1701 4029 u.
1742 3974 1863 4029 189.
1935 3972 1990 4028 8.
2028 3972 2168 4029 auch
2205 3971 2341 4027 oben
2378 3972 2433 4027 S.
2470 3972 2637 4028 804f.

512 4059 556 4130 ³)
594 4060 666 4117 So
702 4062 971 4117 berichtet
1004 4079 1109 4118 nur
1143 4063 1323 4118 Keras.
1394 4061 1463 4116 In
1500 4061 1596 4116 der
1635 4062 1867 4128 „Newen
1906 4062 2183 4132 zeittungo
2218 4078 2323 4116 von
2357 4061 2634 4115 Mfinster“

298 4150 474 4206 a.a.O.
511 4149 568 4205 8.
592 4150 748 4205 5022
786 4150 959 4204 findet
982 4150 1097 4205 sich
1122 4150 1257 4205 noch
1296 4149 1550 4221 folgende
1574 4150 1768 4205 Notiz:
1807 4150 1908 4204 Am
1934 4150 2020 4203 27.
2045 4150 2158 4204 Mai
2200 4149 2330 4217 „hat
2353 4149 2449 4203 der
2473 4149 2638 4221 konig

297 4240 481 4294 seinen
518 4239 746 4310 locayon
783 4238 901 4294 auff
931 4239 1034 4294 den
1059 4239 1353 4295 thumbhof
1384 4256 1455 4294 an
1480 4240 1600 4294 eine
1624 4239 1810 4294 linden
1846 4239 2024 4294 lassen
2053 4239 2288 4311 haugen,
2325 4237 2637 4308 derhalben,

297 4327 394 4383 das
431 4345 490 4384 er
524 4331 743 4400 gesagt,
799 4328 895 4383 das
933 4327 1027 4383 des
1064 4328 1256 4399 konigs
1291 4328 1403 4383 lere
1439 4327 1552 4382 und
1586 4328 1867 4383 fiirnemen
1903 4345 2011 4383 wer
2047 4327 2222 4383 falech
2257 4328 2367 4383 und
2407 4326 2640 4381 unrochi:

294 4417 406 4471 und
443 4416 590 4488 eytel
623 4417 905 4488 betrung

2668 2976 2765 3048 Ἴ».
2804 2975 2926 3032 608.
