3259 5075
560 250 565 255 ’
653 285 781 348 734
1508 282 1693 347 Anno
1749 283 1916 346 1534
1962 282 2118 346 acta.

395 1324 465 1366 27.
493 1321 622 1365 Νον.

437 2275 481 2315 6.

508 2268 623 2311 Dez.

648 458 929 541 pericula
975 460 1039 523 et
1085 458 1434 541 quamlibet
1490 457 1812 549 fortunam
1857 476 2002 521 cum
2046 456 2205 538 ipsis
2251 455 2521 539 experiri
2565 457 2744 520 velle.
2837 456 2995 520 Inde

647 566 791 646 post
848 564 1102 648 longam
1166 563 1654 628 admonitionem
1704 562 2105 645 baptizantur
2123 565 2164 626 ¹.
2259 562 2427 626 Hinc
2474 561 2610 645 regi
2668 562 2995 645 quaerenti

649 671 995 734 castrorum
1025 669 1427 750 munitiones,
1475 686 1811 733 numerum
1840 667 2126 733 militum
2156 669 2222 732 et
2263 669 2723 733 tormentorum
2753 667 2995 732 omnia·

648 794 768 857 que
815 778 1051 840 secreta
1096 773 1437 839 enunciant
1456 775 1496 838 ².
1569 774 1655 838 Et
1697 793 1844 839 cum
1890 793 1996 838 rex
2041 772 2117 838 de
2164 773 2496 856 glandium
2539 792 2995 856 porcorumque

647 880 986 963 pinguium
1031 880 1213 963 copia
1256 880 1623 964 inquireret,
1673 879 2081 962 respondent:
2129 880 2301 944 intra
2337 880 2569 963 viginti
2615 899 2806 945 annos
2852 882 2994 944 tan-

648 988 780 1051 tam
827 1005 1029 1069 neque
1093 986 1425 1070 glandium
1468 986 1826 1050 ubertatem
1893 1004 2094 1068 neque
2152 1004 2485 1067 porcorum
2528 987 2684 1051 bene
2747 985 2995 1068 sagina-

648 1094 858 1156 torum
928 1091 1184 1156 rusticis
1232 1091 1503 1174 copiam,
1575 1110 1766 1175 quam
1810 1091 1929 1156 hoc
1975 1110 2135 1156 anno
2194 1090 2409 1155 fuisse.
2502 1091 2603 1155 Ad
2649 1109 2806 1174 quae
2853 1109 2992 1155 rex:

654 1197 1037 1280 „Comedant
1081 1197 1182 1261 illi
1228 1196 1576 1278 farcimina,
1625 1216 1740 1261 nos
1787 1216 1930 1261 vero
1977 1197 2152 1261 lardo
2199 1196 2596 1261 fruemur³!“

864 1302 1035 1382 Quae
1077 1322 1173 1368 res
1206 1322 1352 1367 cum
1395 1301 1673 1385 principi
1716 1302 2116 1383 innotuisset,
2166 1304 2270 1367 27.
2305 1302 2679 1367 Novembris
2725 1300 2995 1383 satrapis

648 1408 1100 1492 praefectisque
1147 1408 1384 1491 passim
1443 1427 1556 1490 per
1601 1407 1938 1472 dioecesim
1984 1408 2189 1472 edicto
2257 1408 2566 1491 praecipit
2580 1410 2626 1489 ⁴,
2693 1427 2770 1471 ne
2815 1406 2996 1488 quic-

650 1533 837 1598 quam
882 1514 1167 1579 militum
1213 1515 1347 1578 sine
1389 1533 1501 1578 suo
1548 1518 1661 1578 aut
1690 1513 1962 1578 Wilkini
1994 1513 2282 1597 Stedingi
2326 1516 2680 1579 commeatu
2723 1513 2793 1577 in
2823 1513 2995 1577 dioe-

649 1619 840 1685 cesim
887 1619 1230 1684 admittant
1275 1638 1473 1701 neque
1520 1619 1733 1702 egredi
1787 1619 2131 1702 patiantur.
2209 1619 2420 1684 Timet
2464 1619 2634 1683 enim
2679 1618 2992 1701 princepS,

650 1745 755 1807 ne,
806 1725 861 1789 si
907 1725 1166 1790 libertas
1214 1725 1382 1789 ultro
1445 1725 1728 1806 citroque
1797 1725 2187 1789 commeandi
2254 1724 2573 1789 militibus
2618 1724 2797 1807 vagis
2852 1743 2996 1807 per-

649 1831 964 1909 mittatur,
1035 1830 1249 1912 plures
1298 1830 1426 1893 sint
1470 1829 1703 1911 futuri,
1776 1830 1886 1913 qui
1930 1829 2096 1893 nihil
2142 1829 2323 1912 pensi
2366 1829 2625 1912 pietatis
2692 1829 2996 1894 habentes

649 1936 835 2018 idem,
887 1937 1053 2019 quod
1098 1935 1169 1999 hi
1215 1954 1338 2016 sex,
1386 1933 1618 1999 facturi
1665 1934 1814 1999 sint.

863 2043 1017 2107 Post
1063 2041 1195 2106 dies
1264 2040 1509 2123 aliquot
1554 2059 1703 2105 cum
1767 2040 2107 2105 Insulanus
2178 2042 2366 2123 atque
2410 2039 2691 2122 Tylanus
2762 2039 2997 2123 aliique

651 2146 952 2229 oppidani
997 2147 1065 2211 in
1127 2147 1374 2212 hostem
1442 2148 1754 2231 impetum
1820 2148 2098 2213 facerent
2143 2150 2208 2213 et
2265 2146 2736 2230 imprudentius
2807 2165 2999 2230 quam

653 2252 900 2318 cautius
946 2256 1319 2337 pugnarent,
1370 2254 1542 2337 capti
1589 2257 1740 2319 sunt
1768 2256 1956 2337 atque
2000 2254 2140 2336 ipso
2188 2253 2290 2318 die
2319 2252 2568 2319 Nicolai
2612 2252 2997 2336 quaestioni-

650 2359 768 2422 bus
815 2361 1003 2442 atque
1061 2359 1393 2425 tormentis
1454 2360 1724 2425 subiecti
1769 2362 2049 2426 fatentur
2067 2363 2121 2426 ⁵:
2191 2359 2553 2444 Oppidanos
2597 2359 2666 2424 in
2715 2359 2999 2443 singulos

650 2462 783 2529 dies
815 2464 1210 2548 eruptionem
1244 2465 1587 2531 violentam
1630 2466 1701 2531 in
1729 2466 2042 2550 proximos
2075 2485 2352 2551 quosque
2383 2484 2576 2551 pagos
2612 2467 2998 2531 commeatus

651 2570 973 2636 adserendi
1020 2590 1208 2637 causa
1251 2573 1579 2655 meditari3
1628 2572 1700 2637 in
1742 2573 1880 2638 eius
1927 2573 2018 2638 rei
2061 2592 2251 2639 usum
2296 2574 2421 2638 duo
2469 2573 2650 2657 signa
2692 2572 3000 2637 militaria

867 2871 910 2939 ¹)
945 2869 1031 2924 Im
1066 2870 1402 2925 Bekenntnis
1438 2870 1533 2924 des
1570 2869 1704 2924 Cort
1738 2887 1788 2925 v.
1826 2869 1878 2925 d.
1905 2869 2121 2925 Werde:
2165 2871 2280 2938 „Do
2316 2869 2439 2926 hest
2472 2870 2542 2925 he
2579 2886 2649 2924 en
2683 2870 2788 2925 uth
2823 2871 3002 2925 einem

649 2960 789 3015 boke
823 2958 974 3013 voele
1009 2958 1182 3013 laiten
1216 2957 1474 3026 verlesen,
1530 2975 1589 3012 se
1623 2961 1826 3013 wetten
1865 2958 2035 3027 nicht,
2083 2962 2194 3013 wat
2229 2958 2328 3013 dat
2361 2975 2489 3027 was,
2542 2958 2656 3012 und
2692 2957 2903 3014 hebben
2939 2974 3002 3013 86

652 3048 843 3119 dail-up
880 3045 1164 3118 gedopet.“

865 3134 909 3205 ⁸)
945 3134 1032 3188 Im
1067 3134 1488 3190 Bekenntnisse:
1530 3132 1707 3201 „Item
1743 3133 1809 3189 de
1845 3134 2117 3188 konninck
2165 3133 2286 3188 hest
2321 3150 2408 3189 em
2456 3133 2698 3205 1116611113
2749 3134 3004 3204 gest-aget

652 3241 724 3278 na
758 3223 965 3294 gestalt
999 3223 1096 3278 der
1130 3223 1500 3290 blockhueeer,
1537 3222 1651 3276 und
1686 3239 1774 3276 wu
1798 3222 1981 3277 starck
2016 3239 2075 3278 86
2099 3223 2228 3291 sint,
2265 3222 2379 3277 und
2401 3238 2514 3277 war
2547 3239 2672 3277 men
2708 3225 2768 3277 et
2803 3238 2875 3293 up
2902 3221 3004 3277 dat

650 3312 804 3367 beste
839 3310 977 3366 doen
1013 3310 1217 3376 konde3
1256 3310 1376 3364 dair
1409 3310 1621 3365 hebben
1660 3326 1720 3366 ze
1757 3326 1843 3365 6111
1879 3309 2128 3380 algelech
2162 3326 2268 3364 van
2304 3309 2576 3379 gesecht.“

866 3398 911 3468 ⁸)
947 3398 1060 3454 Ans
1085 3398 1208 3453 dem
1230 3398 1623 3475 Bekenntnisee
1660 3397 1755 3452 des
1789 3398 1827 3452 J
1829 3397 1917 3453 oh.
1940 3398 2129 3453 Kettel
2152 3415 2256 3453 van
2281 3398 2403 3453 Tiel
2443 3398 2541 3467 (Μ.
2562 3397 2719 3464 G.-Q.
2744 3396 2823 3466 ΙΙ,
2850 3396 3005 3466 292).

864 3485 909 3554 ⁴)
945 3485 1059 3540 Aus
1095 3485 1431 3541 Warendorf.
1504 3485 1756 3555 Konzept
1789 3486 1866 3539 im
1903 3484 2075 3541 St.·A.
2112 3486 2187 3539 Μ.

865 3574 913 3644 ⁸)
949 3574 1053 3629 Am
1077 3576 1127 3629 6.
1151 3575 1464 3629 Dezember.
1512 3574 1698 3629 Keras.
1734 3574 1892 3644 giebt
1926 3576 2004 3629 im
2038 3574 2351 3644 Folgenden
2387 3590 2492 3628 nur
2527 3574 2706 3644 einige
2732 3572 3004 3628 Gestand·

650 3664 798 3718 111886
833 3662 928 3717 (168
977 3661 1013 3716 J
1015 3662 1101 3717 oh.
1137 3661 1328 3717 Kettel
1361 3679 1466 3716 van
1503 3661 1627 3717 Tiel
1678 3661 1893 3718 wieder.
1967 3662 2146 3717 Ueber
2199 3662 2304 3718 den
2358 3661 2572 3730 Grund,
2626 3660 2866 3717 weshalb
2921 3662 3006 3716 816

651 3751 900 3805 Mfinster
933 3750 1236 3818 verheseen,
1279 3752 1407 3821 sagt
1441 3748 1574 3805 Cort
1608 3767 1659 3805 v.
1696 3749 1748 3805 d.
1787 3749 1981 3804 Werde
2017 3765 2132 3819 aus,
2172 3767 2231 3805 61·
2264 3754 2407 3805 ware
2447 3750 2632 3817 ¹‚mede
2666 3748 3008 3819 uthgelopen

651 3839 757 3893 mit
791 3838 897 3894 den
931 3837 1166 3893 anderen
1203 3837 1299 3893 der
1333 3839 1637 3908 meinonge,
1674 3854 1733 3893 86
1768 3838 1978 3893 wolden
2013 3838 2050 3892 4
2087 3838 2150 3892 of
2180 3837 2214 3892 5
2250 3837 2427 3892 dairin
2461 3836 2651 3905 halen,
2689 3837 2757 3891 (16
2793 3841 3007 3891 wusten

653 3926 721 3981 de
758 3925 979 3995 andern,
1031 3927 1138 3987 mit
1182 3926 1477 3996 summiger
1529 3924 1850 3996 provande.“
1926 3926 2031 3980 Dio
2065 3941 2171 3980 von
2206 3925 2389 3980 Keras.
2427 3923 2583 3979 nicht
2633 3924 3007 3995 mitgeteilten

652 4013 935 4085 Aussagen
969 4013 1229 4069 beziehen
1265 4013 1382 4068 sich
1416 4015 1580 4070 meist
1613 4013 1756 4068 noch
1791 4012 1891 4068 auf
1919 4012 2228 4084 Ansehlage
2265 4013 2362 4069 der
2383 4014 2705 4079 minuerer,
2742 4012 3006 4067 Proviant

654 4102 713 4155 in
747 4101 837 4156 die
862 4101 1025 4157 Stadt
1059 4118 1127 4156 zu
1150 4101 1486 4157 bekommen.
1544 4101 1848 4172 Uebrigens
1884 4100 2106 4171 gesteht
2141 4100 2273 4156 Cort
2294 4118 2345 4155 v.
2371 4100 2423 4156 d.
2451 4101 2660 4170 Werde,
2702 4117 2857 4168 „men
2882 4100 3006 4155 hest

655 4205 723 4244 en
758 4188 936 4259 gude
968 4189 1127 4245 kost
1161 4206 1466 4261 gegeven
1502 4192 1610 4245 tor
1645 4188 2018 4244 noittrofft
2051 4189 2165 4244 und
2189 4188 2403 4244 hebben
2427 4205 2496 4244 en
2519 4188 2736 4259 dairby
2760 4188 3003 4259 36866111,

655 4293 725 4331 86
760 4276 1022 4332 hebben
1058 4278 1348 4348 spechen
1384 4276 1641 4349 genoch
1675 4281 1854 4332 went
1889 4276 2009 4332 t-ho
2043 4276 2451 4333 Paeschen.“
