3259 5075
1184 307 1366 374 Anno
1418 310 1589 375 1534
1635 310 1793 374 acta.
2525 310 2661 377 483

302 485 432 550 dici
477 503 605 550 non
650 486 886 568 potest,
954 486 1191 569 quanta
1232 484 1567 550 hominum
1612 485 1962 551 multitudo
2006 505 2119 569 per
2162 486 2364 552 totam
2409 489 2659 553 noctem

301 592 610 657 insomnis
678 590 931 656 ruinam
1011 590 1192 656 illam
1261 591 1627 675 opperiatur
1644 593 1686 658 ¹.
1778 592 1867 658 At
1936 591 2051 661 ubi
2119 593 2370 676 tempus
2438 598 2659 659 ruinae

305 697 556 763 oraculo
600 696 972 780 prophetico
1005 696 1406 781 designatum
1449 696 1578 762 iam
1621 697 1909 780 instaret,
1958 698 2126 763 nihil
2167 701 2421 782 praeter
2449 699 2658 783 nycti-

304 803 542 869 coracis
611 822 805 886 supra
849 803 1072 868 urbem
1130 801 1404 868 volantis
1449 821 1668 869 vocem
1713 803 2025 870 audivere.
2118 805 2255 870 Hoc
2301 823 2447 888 ergo
2492 804 2659 870 vati-

306 910 549 975 cinium
593 909 829 975 falsum
872 909 1069 975 fuisse
1136 909 1441 975 hodierna
1485 910 1680 975 etiam
1724 909 1858 975 dies
1919 909 2213 975 declarat.
2305 910 2400 976 Ne
2446 912 2659 976 autem

304 1016 743 1082 Rothmannus
813 1015 1296 1082 existimationis
1342 1036 1492 1082 suae
1536 1016 1940 1100 naufragium
2000 1016 2159 1081 falsa
2202 1016 2329 1082 ista
2372 1017 2659 1101 praedic-

304 1122 478 1189 tione
546 1122 805 1205 faceret,
878 1123 1159 1207 exemplo
1219 1124 1407 1189 Ionae
1454 1142 1518 1188 se
1564 1124 1784 1188 tuetur
1802 1123 1843 1205 ²,
1914 1122 2028 1207 qui
2086 1123 2381 1189 mandato
2443 1122 2657 1188 divino

305 1228 615 1295 Ninivitis
660 1229 1045 1295 eversionem
1088 1228 1499 1313 praedixerat,
1548 1248 1708 1313 quae
1752 1249 1878 1295 non
1916 1229 2151 1311 evenit3
2200 1249 2401 1313 neque
2445 1231 2660 1294 tamen

303 1335 448 1401 ideo
478 1335 691 1420 ipsum
735 1334 1110 1419 prophetam
1141 1334 1375 1401 falsum
1417 1335 1777 1419 putandum
1811 1353 1963 1419 esse,
2010 1354 2158 1401 cum
2187 1336 2344 1402 talia
2386 1336 2657 1420 prophe-

302 1442 519 1506 tarum
564 1441 819 1507 oracula
865 1440 1288 1507 conditionem
1349 1461 1594 1525 semper
1638 1440 1988 1523 includant,
2052 1441 2298 1507 scilicet
2342 1441 2469 1507 nisi
2515 1461 2659 1527 ege-

304 1548 442 1613 rint
483 1547 956 1632 poenitcntiam.
1048 1547 1424 1631 Virginibus
1471 1547 1728 1630 quidem
1789 1546 2056 1613 exitium
2120 1547 2488 1613 inevitabile
2535 1548 2659 1613 im-

304 1654 632 1738 pendisse3
683 1654 791 1720 sed
837 1672 984 1718 cum
1029 1653 1190 1719 serio
1235 1653 1683 1737 poenituerint,
1731 1654 1938 1719 Deum
1967 1655 2222 1720 Patrem
2265 1654 2385 1720 hoc
2415 1654 2659 1719 malum

306 1761 648 1827 clementer
692 1760 1009 1826 avertisse.

522 1886 649 1951 Ubi
677 1905 822 1951 vero
851 1886 1102 1952 Rollius
1148 1886 1304 1952 falso
1351 1887 1471 1952 hoc
1503 1888 1754 1953 oraculo
1784 1885 2171 1952 Bothmanni
2217 1887 2662 1952 anctoritatem

306 1992 476 2076 apud
518 1993 756 2059 multos
802 1993 1001 2059 levari
1045 1993 1450 2078 intelligeret,
1498 1993 1567 2058 in
1596 2011 1839 2059 morem
1882 1992 2322 2075 corybantium
2369 1992 2660 2058 enthusi-

308 2118 479 2164 asmo
512 2101 837 2183 correptus
883 2100 1119 2167 furiose
1161 2119 1278 2184 per
1319 2100 1559 2186 plateas
1592 2100 1952 2166 discursans
1994 2098 2325 2165 horrendis
2355 2098 2661 2164 vocifera-

306 2204 591 2271 tionibus
637 2224 710 2271 ac
753 2205 994 2271 insanis
1039 2208 1334 2273 boatibus
1402 2206 1630 2290 impios
1678 2225 1750 2270 ac
1795 2206 2151 2271 charactere
2219 2204 2486 2271 foederis
2533 2223 2662 2270 non

310 2310 591 2395 signatos
635 2310 717 2376 ad
780 2312 1236 2394 poenitentiam
1303 2313 1484 2378 vocat
1501 2313 1545 2377 ⁸.
1637 2312 1824 2377 Diem
1884 2311 2054 2376 enim
2096 2311 2354 2377 Domini
2422 2310 2661 2377 instare

310 2416 615 2483 clamitat.
708 2415 844 2496 Quo
891 2420 1036 2484 astu
1081 2419 1145 2484 et
1189 2437 1350 2484 nova
1393 2438 1608 2483 rerum
1667 2417 1826 2483 facie
1872 2417 2212 2500 superioris
2271 2417 2662 2483 Rothmanni

309 2523 549 2590 oraculi
581 2523 961 2590 oblivionem
991 2524 1244 2590 inducit
1286 2524 1721 2610 plurimosque
1753 2525 1830 2590 ab
1861 2522 2294 2608 anabaptismo
2329 2523 2660 2590 alieniores

308 2630 586 2696 redditos
633 2632 901 2697 revocat.
993 2632 1183 2696 Hunc
1229 2631 1441 2696 autem
1484 2630 1762 2696 furorem
1806 2630 2012 2696 toxico
2058 2629 2346 2696 retinctis
2391 2629 2662 2695 immitti

306 2735 480 2802 fama
536 2736 699 2819 fuit3
768 2736 935 2802 illud
980 2737 1151 2802 enim
1193 2736 1632 2803 Rothmannus
1702 2739 2038 2821 parentum
2106 2755 2366 2802 suorum
2410 2735 2660 2801 artibus

305 2949 567 3019 baptistis
601 2948 841 3020 hospitio
879 2951 1133 3019 exceptae
1156 2966 1216 3004 re
1239 2965 1367 3003 vera
1402 2950 1532 3003 sunt
1567 2949 1870 3004 subversae.
1915 2947 2215 3018 Pleraeque
2241 2949 2386 3002 enim
2419 2947 2661 3017 rebapti-

308 3040 466 3092 zatae
503 3038 680 3092 sunt‘
721 3067 789 3077 —
828 3037 907 3092 Zn
943 3037 1046 3091 den
1101 3040 1521 3108 ausgetretenen
1555 3036 1789 3092 Nonnen
1843 3035 2069 3107 gehorte
2106 3035 2247 3090 auch
2300 3035 2388 3090 die
2424 3034 2663 3091 Tochter

308 3126 347 3181 J
348 3125 574 3181 ohann's
607 3144 658 3182 v.
697 3126 750 3180 d.
786 3126 981 3181 Recke.
1051 3126 1235 3181 Ueber
1270 3125 1374 3180 den
1427 3124 1813 3196 vergeblichen
1847 3124 2117 3193 Versuch,
2174 3125 2253 3179 sie
2290 3140 2386 3179 zur
2420 3123 2663 3179 Umkehr

309 3231 377 3269 zu
413 3216 687 3285 bewegen‚
730 3213 839 3285 vgl.
874 3215 1064 3269 weiter
1096 3217 1286 3270 unten.

526 3321 568 3390 ¹)
604 3320 674 3377 Η.
702 3319 1049 3375 Gresbeck
1085 3337 1135 3375 a.
1161 3337 1212 3376 a.
1237 3319 1328 3375 0.:
1371 3358 1488 3389 „...
1525 3320 1615 3375 die
1652 3319 1801 3375 luide
1838 3321 1951 3376 sint
1985 3338 2096 3392 gan
2120 3322 2266 3375 stain
2301 3319 2415 3375 und
2448 3318 2662 3374 hebben

308 3409 399 3463 die
441 3408 688 3465 cloisters
722 3409 836 3463 und
872 3408 1102 3464 kercken
1139 3409 1416 3481 angesehn
1449 3408 1564 3464 und
1586 3425 1764 3464 weron
1803 3409 1900 3464 der
1935 3410 2266 3479 ingwachten
2301 3408 2414 3463 und
2450 3407 2662 3463 wolden

308 3496 408 3551 dat
441 3500 598 3567 grote
633 3496 893 3552 mirackel
928 3497 1040 3552 und
1075 3496 1297 3552 wunder
1332 3496 1569 3553 ansehen
1607 3537 1621 3552 .
1644 3538 1657 3552 .
1680 3499 1726 3552 .“
1794 3498 1854 3553 P.
1891 3497 2270 3553 Plateanus
2308 3516 2358 3553 a.
2383 3477 2525 3553 210.
2560 3496 2663 3552 hat

309 3585 401 3641 die
435 3585 767 3641 Nachricht:
828 3586 1095 3653 „Senatus
1133 3589 1190 3641 et
1226 3586 1476 3641 excubias
1512 3586 1804 3657 disposuit,
1859 3603 1928 3641 ne
1964 3585 2155 3641 fraude
2192 3585 2377 3656 aliqua
2414 3586 2542 3655 igne
2577 3585 2661 3639 in·

310 3674 453 3728 iecto
490 3673 682 3728 furiosi
719 3674 997 3729 oraculum
1032 3691 1191 3729 suum
1225 3690 1411 3729 verum
1447 3674 1739 3730 facerent.“

527 3760 573 3832 ²)
609 3761 735 3817 Jon.
768 3780 889 3833 cap.
915 3763 966 3817 3.
1003 3792 1071 3802 —
1111 3761 1157 3833 ⁸)
1193 3761 1349 3817 Auch
1383 3761 1525 3817 nach
1559 3762 1628 3818 H.
1665 3762 1849 3834 Dorp
1884 3761 1973 3818 Bl.
2004 3763 2109 3817 132
2146 3762 2222 3817 ist
2256 3760 2383 3816 Roll
2418 3760 2518 3816 der
2550 3759 2661 3816 An-

310 3850 507 3922 ssnger
558 3851 654 3905 des
689 3851 959 3906 Bussrufs.
1031 3850 1176 3906 Aber
1210 3852 1300 3906 bei
1335 3850 1451 3905 ihm
1503 3851 1638 3906 wird
1674 3851 1772 3906 der
1805 3851 1920 3905 Rus
1969 3852 2026 3906 in
2064 3848 2533 3920 Zusammenhang
2568 3865 2662 3920 ge·

306 3939 507 3994 bracht
540 3941 645 3994 mit
681 3940 803 3995 dem
838 3939 1273 4011 unbestandigen
1307 3939 1608 3996 Verhalten
1645 3940 1741 3995 der
1773 3940 2157 4009 Predikanten,
2196 3938 2284 3994 die
2323 3941 2505 3993 zuerst
2539 3939 2663 3993 eine

308 4027 666 4098 Disputation
700 4030 806 4084 mit
839 4028 995 4083 ihren
1033 4027 1287 4099 Gegnern
1321 4029 1649 4100 provoziert,
1706 4028 1823 4084 sich
1855 4027 2001 4083 dann
2037 4028 2168 4083 aber
2202 4026 2401 4083 wieder
2437 4026 2661 4081 zuriick-

313 4132 555 4187 gezogen
590 4115 784 4172 hatten
822 4116 953 4187 (vgl.
982 4116 1120 4172 oben
1158 4116 1215 4171 S.
1238 4116 1346 4171 465
1359 4115 1443 4187 L).
1470 4146 1537 4155 —
1565 4116 1740 4172 Schon
1781 4116 1842 4171 C.
1867 4116 1933 4171 A.
1958 4115 2339 4172 Cornelius:
2377 4114 2454 4171 M.
2479 4115 2543 4171 A.
2580 4113 2663 4173 Π.

312 4203 370 4260 Β.
395 4204 502 4260 340
534 4204 722 4260 macht
747 4205 950 4276 jedoch
975 4206 1176 4261 darauf
1206 4205 1584 4275 aufmerksam‚
1623 4206 1744 4261 dass
1769 4205 1858 4261 die
1882 4204 2662 4262 wiedertauferbekennmisse

310 4311 418 4349 von
454 4295 631 4349 einem
682 4294 914 4350 Bussruf
959 4294 1132 4350 Roll’s
1184 4295 1385 4350 Nichts
1419 4296 1630 4350 wissen.
1702 4294 1964 4350 Derselbe
2017 4294 2151 4349 wird
2206 4293 2348 4348 auch
2382 4294 2441 4347 in
2476 4292 2666 4349 keiner

307 4381 411 4437 der
446 4384 726 4454 sonatigen
762 4380 992 4450 Quellen
1030 4383 1289 4440 erwahnt.

2445 4468 2529 4498 P*

2455 4498 2472 4536 Ι
