<?xml version="1.0" encoding="UTF-8"?>
<!DOCTYPE html PUBLIC "-//W3C//DTD XHTML 1.0 Transitional//EN"
    "http://www.w3.org/TR/xhtml1/DTD/xhtml1-transitional.dtd">
<html xmlns="http://www.w3.org/1999/xhtml" xml:lang="en" lang="en">
 <head>
  <title>
</title>
<meta http-equiv="Content-Type" content="text/html;charset=utf-8" />
  <meta name='ocr-system' content='tesseract 3.04.00' />
  <meta name='ocr-capabilities' content='ocr_page ocr_carea ocr_par ocr_line ocrx_word'/>
</head>
<body>
  <div class='ocr_page' id='page_1' title='image "./hermanniakersse00westgoog_0206.png"; bbox 0 0 3259 5075; ppageno 0'>
   <div class='ocr_carea' id='block_1_1' title="bbox 628 320 2099 392">
    <p class='ocr_par' dir='ltr' id='par_1_1' title="bbox 628 320 2099 392">
     <span class='ocr_line' id='line_1_1' title="bbox 628 320 2099 392; baseline -0.003 0"><span class='ocrx_word' id='word_1_1' title='bbox 628 325 764 392; x_wconf 83' lang='lat'><strong>582</strong></span> <span class='ocrx_word' id='word_1_2' title='bbox 1487 320 1672 388; x_wconf 86' lang='lat' dir='ltr'><strong>Anno</strong></span> <span class='ocrx_word' id='word_1_3' title='bbox 1723 321 1896 387; x_wconf 84' lang='lat'>1534</span> <span class='ocrx_word' id='word_1_4' title='bbox 1939 322 2099 387; x_wconf 84' lang='lat' dir='ltr'><strong>acta.</strong></span> 
     </span>
    </p>
   </div>
   <div class='ocr_carea' id='block_1_2' title="bbox 834 496 2789 669">
    <p class='ocr_par' dir='ltr' id='par_1_2' title="bbox 834 496 2789 669">
     <span class='ocr_line' id='line_1_2' title="bbox 834 496 2789 596; baseline -0.002 -31"><span class='ocrx_word' id='word_1_5' title='bbox 834 498 1186 566; x_wconf 86' lang='lat' dir='ltr'><strong>Ordinatio</strong></span> <span class='ocrx_word' id='word_1_6' title='bbox 1211 497 1460 596; x_wconf 85' lang='lat' dir='ltr'><strong>politici</strong></span> <span class='ocrx_word' id='word_1_7' title='bbox 1507 496 1836 583; x_wconf 87' lang='lat' dir='ltr'><strong>regiminis</strong></span> <span class='ocrx_word' id='word_1_8' title='bbox 1881 497 1951 562; x_wconf 92' lang='lat' dir='ltr'><strong>in</strong></span> <span class='ocrx_word' id='word_1_9' title='bbox 1996 496 2255 562; x_wconf 83' lang='lat' dir='ltr'><strong>civitate</strong></span> <span class='ocrx_word' id='word_1_10' title='bbox 2298 496 2789 562; x_wconf 86' lang='lat' dir='ltr'><strong>Monasteriensi</strong></span> 
     </span>
     <span class='ocr_line' id='line_1_3' title="bbox 1152 602 2454 669; baseline -0.001 0"><span class='ocrx_word' id='word_1_11' title='bbox 1152 624 1191 669; x_wconf 89' lang='lat' dir='ltr'><strong>a</strong></span> <span class='ocrx_word' id='word_1_12' title='bbox 1238 607 1320 669; x_wconf 83' lang='grc'><strong>12</strong></span> <span class='ocrx_word' id='word_1_13' title='bbox 1368 604 1721 669; x_wconf 89' lang='lat' dir='ltr'><strong>senioribus</strong></span> <span class='ocrx_word' id='word_1_14' title='bbox 1768 623 1982 669; x_wconf 92' lang='lat' dir='ltr'><strong>recens</strong></span> <span class='ocrx_word' id='word_1_15' title='bbox 2029 602 2454 669; x_wconf 88' lang='lat' dir='ltr'><strong>introducta.</strong></span> <span class='ocrx_word' id='word_1_16' title='bbox 2411 605 2437 642; x_wconf 84' lang='lat'>²</span> 
     </span>
    </p>
   </div>
   <div class='ocr_carea' id='block_1_3' title="bbox 348 759 3016 3499">
    <p class='ocr_par' dir='ltr' id='par_1_3' title="bbox 627 759 3009 1251">
     <span class='ocr_line' id='line_1_4' title="bbox 848 759 3009 846; baseline -0.002 -16.926"><span class='ocrx_word' id='word_1_17' title='bbox 848 763 1171 846; x_wconf 88' lang='lat' dir='ltr'><strong>„Seniores</strong></span> <span class='ocrx_word' id='word_1_18' title='bbox 1239 761 1711 828; x_wconf 78' lang='lat' dir='ltr'><strong>communitatis</strong></span> <span class='ocrx_word' id='word_1_19' title='bbox 1756 760 1998 827; x_wconf 89' lang='lat' dir='ltr'><strong>Christi</strong></span> <span class='ocrx_word' id='word_1_20' title='bbox 2056 760 2127 825; x_wconf 92' lang='lat' dir='ltr'><strong>in</strong></span> <span class='ocrx_word' id='word_1_21' title='bbox 2174 762 2394 826; x_wconf 89' lang='lat' dir='ltr'><strong>sancta</strong></span> <span class='ocrx_word' id='word_1_22' title='bbox 2456 759 2720 825; x_wconf 85' lang='lat' dir='ltr'><strong>civitate</strong></span> <span class='ocrx_word' id='word_1_23' title='bbox 2765 760 3009 826; x_wconf 86' lang='lat' dir='ltr'><strong>Mona-</strong></span> 
     </span>
     <span class='ocr_line' id='line_1_5' title="bbox 633 831 3003 952; baseline -0.002 -17"><span class='ocrx_word' id='word_1_24' title='bbox 633 831 923 936; x_wconf 85' lang='lat' dir='ltr'><strong>steriensi</strong></span> <span class='ocrx_word' id='word_1_25' title='bbox 968 888 1081 951; x_wconf 90' lang='lat' dir='ltr'><strong>per</strong></span> <span class='ocrx_word' id='word_1_26' title='bbox 1123 868 1394 952; x_wconf 90' lang='lat' dir='ltr'><strong>gratiam</strong></span> <span class='ocrx_word' id='word_1_27' title='bbox 1425 866 1722 933; x_wconf 79' lang='lat' dir='ltr'><strong>altissimi</strong></span> <span class='ocrx_word' id='word_1_28' title='bbox 1753 869 1818 931; x_wconf 91' lang='lat' dir='ltr'><strong>et</strong></span> <span class='ocrx_word' id='word_1_29' title='bbox 1861 866 2311 950; x_wconf 88' lang='lat' dir='ltr'><strong>omnipotentis</strong></span> <span class='ocrx_word' id='word_1_30' title='bbox 2343 866 2467 931; x_wconf 92' lang='lat' dir='ltr'><strong>Dei</strong></span> <span class='ocrx_word' id='word_1_31' title='bbox 2497 867 2708 932; x_wconf 86' lang='lat' dir='ltr'><strong>vocati</strong></span> <span class='ocrx_word' id='word_1_32' title='bbox 2742 868 2810 931; x_wconf 91' lang='lat' dir='ltr'><strong>et</strong></span> <span class='ocrx_word' id='word_1_33' title='bbox 2841 886 3003 931; x_wconf 90' lang='lat' dir='ltr'><strong>con-</strong></span> 
     </span>
     <span class='ocr_line' id='line_1_6' title="bbox 633 971 3005 1055; baseline -0.002 -14"><span class='ocrx_word' id='word_1_34' title='bbox 633 975 849 1041; x_wconf 84' lang='lat' dir='ltr'><strong>stituti</strong></span> <span class='ocrx_word' id='word_1_35' title='bbox 894 975 1048 1039; x_wconf 90' lang='lat' dir='ltr'><strong>haec</strong></span> <span class='ocrx_word' id='word_1_36' title='bbox 1078 973 1286 1039; x_wconf 87' lang='lat' dir='ltr'><strong>officia</strong></span> <span class='ocrx_word' id='word_1_37' title='bbox 1314 976 1379 1038; x_wconf 92' lang='lat' dir='ltr'><strong>et</strong></span> <span class='ocrx_word' id='word_1_38' title='bbox 1421 973 1536 1038; x_wconf 88' lang='lat' dir='ltr'><strong>hos</strong></span> <span class='ocrx_word' id='word_1_39' title='bbox 1567 974 2016 1055; x_wconf 78' lang='lat' dir='ltr'><strong>subsequentes</strong></span> <span class='ocrx_word' id='word_1_40' title='bbox 2063 972 2364 1037; x_wconf 81' lang='lat' dir='ltr'><strong>articulos</strong></span> <span class='ocrx_word' id='word_1_41' title='bbox 2397 991 2436 1036; x_wconf 88' lang='lat' dir='ltr'><strong>a</strong></span> <span class='ocrx_word' id='word_1_42' title='bbox 2465 972 2743 1055; x_wconf 87' lang='lat' dir='ltr'><strong>singulis</strong></span> <span class='ocrx_word' id='word_1_43' title='bbox 2784 971 3005 1038; x_wconf 90' lang='lat' dir='ltr'><strong>Israe-</strong></span> 
     </span>
     <span class='ocr_line' id='line_1_7' title="bbox 631 1077 3009 1146; baseline -0.001 0"><span class='ocrx_word' id='word_1_44' title='bbox 631 1080 769 1146; x_wconf 85' lang='lat' dir='ltr'><strong>litis</strong></span> <span class='ocrx_word' id='word_1_45' title='bbox 816 1100 888 1146; x_wconf 94' lang='lat' dir='ltr'><strong>ac</strong></span> <span class='ocrx_word' id='word_1_46' title='bbox 933 1080 1155 1145; x_wconf 90' lang='lat' dir='ltr'><strong>domus</strong></span> <span class='ocrx_word' id='word_1_47' title='bbox 1200 1079 1319 1144; x_wconf 91' lang='lat' dir='ltr'><strong>Dei</strong></span> <span class='ocrx_word' id='word_1_48' title='bbox 1378 1078 1914 1144; x_wconf 83' lang='lat' dir='ltr'><strong>inhabitatoribus</strong></span> <span class='ocrx_word' id='word_1_49' title='bbox 1960 1077 2234 1143; x_wconf 90' lang='lat' dir='ltr'><strong>fideliter</strong></span> <span class='ocrx_word' id='word_1_50' title='bbox 2279 1080 2343 1143; x_wconf 89' lang='lat' dir='ltr'><strong>et</strong></span> <span class='ocrx_word' id='word_1_51' title='bbox 2386 1077 2694 1143; x_wconf 84' lang='lat' dir='ltr'><strong>inviolate</strong></span> <span class='ocrx_word' id='word_1_52' title='bbox 2752 1078 3009 1143; x_wconf 85' lang='lat' dir='ltr'><strong>servari</strong></span> 
     </span>
     <span class='ocr_line' id='line_1_8' title="bbox 627 1184 882 1251; baseline 0 -1"><span class='ocrx_word' id='word_1_53' title='bbox 627 1184 882 1251; x_wconf 78' lang='lat' dir='ltr'><strong>volunt:</strong></span> 
     </span>
    </p>

    <p class='ocr_par' dir='ltr' id='par_1_4' title="bbox 631 1288 3009 1481">
     <span class='ocr_line' id='line_1_9' title="bbox 852 1288 3009 1374; baseline 0 -19"><span class='ocrx_word' id='word_1_54' title='bbox 852 1293 910 1357; x_wconf 90' lang='lat'><strong>1.</strong></span> <span class='ocrx_word' id='word_1_55' title='bbox 958 1288 1274 1374; x_wconf 81' lang='lat' dir='ltr'><strong>Quicquid</strong></span> <span class='ocrx_word' id='word_1_56' title='bbox 1322 1309 1498 1356; x_wconf 88' lang='grc'><strong>33313</strong></span> <span class='ocrx_word' id='word_1_57' title='bbox 1542 1290 1855 1373; x_wconf 90' lang='lat' dir='ltr'><strong>scriptura</strong></span> <span class='ocrx_word' id='word_1_58' title='bbox 1901 1291 2016 1354; x_wconf 89' lang='lat' dir='ltr'><strong>aut</strong></span> <span class='ocrx_word' id='word_1_59' title='bbox 2058 1288 2371 1374; x_wconf 80' lang='lat' dir='ltr'><strong>praecipit</strong></span> <span class='ocrx_word' id='word_1_60' title='bbox 2414 1291 2531 1354; x_wconf 88' lang='lat' dir='ltr'><strong>aut</strong></span> <span class='ocrx_word' id='word_1_61' title='bbox 2576 1291 2772 1373; x_wconf 85' lang='lat' dir='ltr'><strong>vetat,</strong></span> <span class='ocrx_word' id='word_1_62' title='bbox 2842 1290 3009 1355; x_wconf 86' lang='lat' dir='ltr'><strong>huic</strong></span> 
     </span>
     <span class='ocr_line' id='line_1_10' title="bbox 631 1396 2163 1481; baseline -0.001 -19"><span class='ocrx_word' id='word_1_63' title='bbox 631 1416 866 1481; x_wconf 88' lang='lat' dir='ltr'><strong>poenae</strong></span> <span class='ocrx_word' id='word_1_64' title='bbox 913 1398 1087 1462; x_wconf 91' lang='lat' dir='ltr'><strong>metu</strong></span> <span class='ocrx_word' id='word_1_65' title='bbox 1134 1397 1371 1480; x_wconf 80' lang='lat' dir='ltr'><strong>singuli</strong></span> <span class='ocrx_word' id='word_1_66' title='bbox 1417 1396 1788 1461; x_wconf 89' lang='lat' dir='ltr'><strong>Israhelitae</strong></span> <span class='ocrx_word' id='word_1_67' title='bbox 1831 1396 2163 1479; x_wconf 90' lang='lat' dir='ltr'><strong>parebunt.</strong></span> 
     </span>
    </p>

    <p class='ocr_par' dir='ltr' id='par_1_5' title="bbox 631 1500 3009 1798">
     <span class='ocr_line' id='line_1_11' title="bbox 846 1500 3009 1586; baseline -0 -18"><span class='ocrx_word' id='word_1_68' title='bbox 846 1505 908 1568; x_wconf 81' lang='lat'><strong>2.</strong></span> <span class='ocrx_word' id='word_1_69' title='bbox 923 1503 948 1542; x_wconf 77' lang='lat'><em>2</em></span> <span class='ocrx_word' id='word_1_70' title='bbox 990 1502 1434 1586; x_wconf 85' lang='lat' dir='ltr'><strong>Unusquisque</strong></span> <span class='ocrx_word' id='word_1_71' title='bbox 1481 1501 1792 1568; x_wconf 84' lang='lat' dir='ltr'><strong>vocationi</strong></span> <span class='ocrx_word' id='word_1_72' title='bbox 1860 1520 2009 1566; x_wconf 88' lang='lat' dir='ltr'><strong>suae</strong></span> <span class='ocrx_word' id='word_1_73' title='bbox 2069 1500 2287 1567; x_wconf 89' lang='lat' dir='ltr'><strong>sedulo</strong></span> <span class='ocrx_word' id='word_1_74' title='bbox 2351 1501 2611 1568; x_wconf 86' lang='lat' dir='ltr'><strong>insistet</strong></span> <span class='ocrx_word' id='word_1_75' title='bbox 2654 1503 3009 1586; x_wconf 84' lang='lat' dir='ltr'><strong>Deumque</strong></span> 
     </span>
     <span class='ocr_line' id='line_1_12' title="bbox 632 1607 3005 1692; baseline 0 -19"><span class='ocrx_word' id='word_1_76' title='bbox 632 1626 705 1674; x_wconf 87' lang='grc'><strong>33</strong></span> <span class='ocrx_word' id='word_1_77' title='bbox 750 1608 1194 1692; x_wconf 90' lang='lat' dir='ltr'><strong>magistratum</strong></span> <span class='ocrx_word' id='word_1_78' title='bbox 1251 1609 1330 1672; x_wconf 89' lang='lat' dir='ltr'><strong>ab</strong></span> <span class='ocrx_word' id='word_1_79' title='bbox 1376 1627 1446 1673; x_wconf 98' lang='lat' dir='ltr'><strong>eo</strong></span> <span class='ocrx_word' id='word_1_80' title='bbox 1492 1607 1912 1675; x_wconf 90' lang='lat' dir='ltr'><strong>constitutum</strong></span> <span class='ocrx_word' id='word_1_81' title='bbox 1978 1607 2252 1672; x_wconf 81' lang='lat' dir='ltr'><strong>timebit.</strong></span> <span class='ocrx_word' id='word_1_82' title='bbox 2346 1608 2512 1672; x_wconf 91' lang='lat' dir='ltr'><strong>Nam</strong></span> <span class='ocrx_word' id='word_1_83' title='bbox 2560 1628 2689 1673; x_wconf 90' lang='lat' dir='ltr'><strong>non</strong></span> <span class='ocrx_word' id='word_1_84' title='bbox 2751 1609 3005 1674; x_wconf 88' lang='lat' dir='ltr'><strong>frustra</strong></span> 
     </span>
     <span class='ocr_line' id='line_1_13' title="bbox 631 1713 2052 1798; baseline 0 -20"><span class='ocrx_word' id='word_1_85' title='bbox 631 1714 797 1797; x_wconf 90' lang='lat' dir='ltr'><strong>gerit</strong></span> <span class='ocrx_word' id='word_1_86' title='bbox 840 1714 1144 1798; x_wconf 87' lang='lat' dir='ltr'><strong>gladium,</strong></span> <span class='ocrx_word' id='word_1_87' title='bbox 1192 1733 1340 1779; x_wconf 86' lang='lat' dir='ltr'><strong>cum</strong></span> <span class='ocrx_word' id='word_1_88' title='bbox 1385 1715 1690 1779; x_wconf 86' lang='lat' dir='ltr'><strong>scelerum</strong></span> <span class='ocrx_word' id='word_1_89' title='bbox 1735 1713 1822 1778; x_wconf 90' lang='lat' dir='ltr'><strong>sit</strong></span> <span class='ocrx_word' id='word_1_90' title='bbox 1863 1713 2052 1778; x_wconf 89' lang='lat' dir='ltr'><strong>ultor.</strong></span> 
     </span>
    </p>

    <p class='ocr_par' dir='ltr' id='par_1_6' title="bbox 348 1818 3011 2010">
     <span class='ocr_line' id='line_1_14' title="bbox 348 1818 3011 1910; baseline -0.004 -15"><span class='ocrx_word' id='word_1_91' title='bbox 348 1837 452 1910; x_wconf 71' lang='grc' dir='ltr'><strong>Ἴ».</strong></span> <span class='ocrx_word' id='word_1_92' title='bbox 485 1837 612 1894; x_wconf 82' lang='grc'><strong>490.</strong></span> <span class='ocrx_word' id='word_1_93' title='bbox 812 1818 912 1887; x_wconf 76' lang='grc'><strong>*3.</strong></span> <span class='ocrx_word' id='word_1_94' title='bbox 984 1818 1269 1898; x_wconf 87' lang='lat' dir='ltr'><strong>Quilibet</strong></span> <span class='ocrx_word' id='word_1_95' title='bbox 1336 1820 1656 1886; x_wconf 90' lang='lat' dir='ltr'><strong>seniorum</strong></span> <span class='ocrx_word' id='word_1_96' title='bbox 1700 1819 1891 1884; x_wconf 90' lang='lat' dir='ltr'><strong>unius</strong></span> <span class='ocrx_word' id='word_1_97' title='bbox 1950 1818 2233 1884; x_wconf 88' lang='lat' dir='ltr'><strong>ministri</strong></span> <span class='ocrx_word' id='word_1_98' title='bbox 2278 1839 2468 1904; x_wconf 90' lang='lat' dir='ltr'><strong>opera</strong></span> <span class='ocrx_word' id='word_1_99' title='bbox 2513 1819 2597 1886; x_wconf 90' lang='lat' dir='ltr'><strong>ad</strong></span> <span class='ocrx_word' id='word_1_100' title='bbox 2656 1819 2835 1886; x_wconf 88' lang='lat' dir='ltr'><strong>iussa</strong></span> <span class='ocrx_word' id='word_1_101' title='bbox 2881 1839 3011 1885; x_wconf 86' lang='lat' dir='ltr'><strong>sua</strong></span> 
     </span>
     <span class='ocr_line' id='line_1_15' title="bbox 632 1923 1271 2010; baseline 0.002 -19"><span class='ocrx_word' id='word_1_102' title='bbox 632 1923 988 2010; x_wconf 84' lang='lat' dir='ltr'><strong>exequenda</strong></span> <span class='ocrx_word' id='word_1_103' title='bbox 1037 1928 1271 1992; x_wconf 85' lang='lat' dir='ltr'><strong>utetur.</strong></span> 
     </span>
    </p>

    <p class='ocr_par' dir='ltr' id='par_1_7' title="bbox 632 2029 3011 2327">
     <span class='ocr_line' id='line_1_16' title="bbox 845 2029 3009 2115; baseline -0 -17"><span class='ocrx_word' id='word_1_104' title='bbox 845 2034 909 2098; x_wconf 89' lang='lat'><strong>4.</strong></span> <span class='ocrx_word' id='word_1_105' title='bbox 956 2029 1245 2115; x_wconf 86' lang='lat' dir='ltr'><strong>Quinque</strong></span> <span class='ocrx_word' id='word_1_106' title='bbox 1293 2031 1610 2098; x_wconf 89' lang='lat' dir='ltr'><strong>seniorum</strong></span> <span class='ocrx_word' id='word_1_107' title='bbox 1640 2032 1773 2095; x_wconf 92' lang='lat' dir='ltr'><strong>tam</strong></span> <span class='ocrx_word' id='word_1_108' title='bbox 1812 2030 2138 2096; x_wconf 89' lang='lat' dir='ltr'><strong>nocturnis</strong></span> <span class='ocrx_word' id='word_1_109' title='bbox 2184 2050 2375 2114; x_wconf 90' lang='lat' dir='ltr'><strong>quam</strong></span> <span class='ocrx_word' id='word_1_110' title='bbox 2422 2031 2674 2097; x_wconf 87' lang='lat' dir='ltr'><strong>diurnis</strong></span> <span class='ocrx_word' id='word_1_111' title='bbox 2708 2032 3009 2099; x_wconf 80' lang='lat' dir='ltr'><strong>excubiis</strong></span> 
     </span>
     <span class='ocr_line' id='line_1_17' title="bbox 632 2134 3011 2222; baseline 0.002 -21"><span class='ocrx_word' id='word_1_112' title='bbox 632 2139 971 2220; x_wconf 86' lang='lat' dir='ltr'><strong>praeerunt</strong></span> <span class='ocrx_word' id='word_1_113' title='bbox 1015 2156 1241 2220; x_wconf 90' lang='lat' dir='ltr'><strong>easque</strong></span> <span class='ocrx_word' id='word_1_114' title='bbox 1298 2139 1655 2220; x_wconf 87' lang='lat' dir='ltr'><strong>praesentes</strong></span> <span class='ocrx_word' id='word_1_115' title='bbox 1716 2134 2078 2220; x_wconf 88' lang='lat' dir='ltr'><strong>inspicient,</strong></span> <span class='ocrx_word' id='word_1_116' title='bbox 2126 2155 2205 2200; x_wconf 93' lang='lat' dir='ltr'><strong>ne</strong></span> <span class='ocrx_word' id='word_1_117' title='bbox 2251 2136 2407 2220; x_wconf 89' lang='lat' dir='ltr'><strong>quid</strong></span> <span class='ocrx_word' id='word_1_118' title='bbox 2452 2137 2854 2222; x_wconf 84' lang='lat' dir='ltr'><strong>negligentia</strong></span> <span class='ocrx_word' id='word_1_119' title='bbox 2898 2139 3011 2204; x_wconf 82' lang='lat' dir='ltr'><strong>vi-</strong></span> 
     </span>
     <span class='ocr_line' id='line_1_18' title="bbox 634 2240 1940 2327; baseline 0.001 -21"><span class='ocrx_word' id='word_1_120' title='bbox 634 2242 841 2327; x_wconf 92' lang='lat' dir='ltr'><strong>gilum</strong></span> <span class='ocrx_word' id='word_1_121' title='bbox 885 2242 1154 2326; x_wconf 91' lang='lat' dir='ltr'><strong>periculi</strong></span> <span class='ocrx_word' id='word_1_122' title='bbox 1196 2242 1577 2326; x_wconf 89' lang='lat' dir='ltr'><strong>reipublicae</strong></span> <span class='ocrx_word' id='word_1_123' title='bbox 1620 2240 1940 2325; x_wconf 89' lang='lat' dir='ltr'><strong>importet.</strong></span> 
     </span>
    </p>

    <p class='ocr_par' dir='ltr' id='par_1_8' title="bbox 634 2347 3013 2750">
     <span class='ocr_line' id='line_1_19' title="bbox 851 2347 3010 2435; baseline 0.001 -21"><span class='ocrx_word' id='word_1_124' title='bbox 851 2351 912 2415; x_wconf 82' lang='grc'><strong>5.</strong></span> <span class='ocrx_word' id='word_1_125' title='bbox 961 2349 1135 2413; x_wconf 90' lang='lat' dir='ltr'><strong>Unus</strong></span> <span class='ocrx_word' id='word_1_126' title='bbox 1183 2348 1443 2431; x_wconf 89' lang='lat' dir='ltr'><strong>insuper</strong></span> <span class='ocrx_word' id='word_1_127' title='bbox 1503 2348 1819 2413; x_wconf 89' lang='lat' dir='ltr'><strong>seniorum</strong></span> <span class='ocrx_word' id='word_1_128' title='bbox 1868 2347 2138 2431; x_wconf 87' lang='lat' dir='ltr'><strong>singulis</strong></span> <span class='ocrx_word' id='word_1_129' title='bbox 2183 2349 2481 2414; x_wconf 89' lang='lat' dir='ltr'><strong>noctibus</strong></span> <span class='ocrx_word' id='word_1_130' title='bbox 2529 2369 2681 2415; x_wconf 90' lang='lat' dir='ltr'><strong>cum</strong></span> <span class='ocrx_word' id='word_1_131' title='bbox 2726 2351 3010 2435; x_wconf 90' lang='lat' dir='ltr'><strong>quibus-</strong></span> 
     </span>
     <span class='ocr_line' id='line_1_20' title="bbox 637 2453 3013 2541; baseline 0.003 -24"><span class='ocrx_word' id='word_1_132' title='bbox 637 2453 784 2518; x_wconf 86' lang='lat' dir='ltr'><strong>dam</strong></span> <span class='ocrx_word' id='word_1_133' title='bbox 849 2453 1161 2519; x_wconf 88' lang='lat' dir='ltr'><strong>ministris</strong></span> <span class='ocrx_word' id='word_1_134' title='bbox 1230 2453 1487 2519; x_wconf 90' lang='lat' dir='ltr'><strong>armatis</strong></span> <span class='ocrx_word' id='word_1_135' title='bbox 1534 2453 1760 2538; x_wconf 81' lang='lat' dir='ltr'><strong>vigiles</strong></span> <span class='ocrx_word' id='word_1_136' title='bbox 1830 2473 2042 2519; x_wconf 87' lang='lat' dir='ltr'><strong>omnes</strong></span> <span class='ocrx_word' id='word_1_137' title='bbox 2103 2454 2173 2520; x_wconf 92' lang='lat' dir='ltr'><strong>in</strong></span> <span class='ocrx_word' id='word_1_138' title='bbox 2236 2456 2605 2541; x_wconf 86' lang='lat' dir='ltr'><strong>aggeribus,</strong></span> <span class='ocrx_word' id='word_1_139' title='bbox 2677 2458 2886 2522; x_wconf 89' lang='lat' dir='ltr'><strong>muris</strong></span> <span class='ocrx_word' id='word_1_140' title='bbox 2936 2461 3013 2524; x_wconf 91' lang='lat' dir='ltr'><strong>et</strong></span> 
     </span>
     <span class='ocr_line' id='line_1_21' title="bbox 634 2557 3009 2644; baseline 0.003 -21"><span class='ocrx_word' id='word_1_141' title='bbox 634 2557 838 2642; x_wconf 91' lang='lat' dir='ltr'><strong>portis</strong></span> <span class='ocrx_word' id='word_1_142' title='bbox 883 2560 1256 2626; x_wconf 84' lang='lat' dir='ltr'><strong>excubantes</strong></span> <span class='ocrx_word' id='word_1_143' title='bbox 1301 2559 1641 2643; x_wconf 90' lang='lat' dir='ltr'><strong>diligenter</strong></span> <span class='ocrx_word' id='word_1_144' title='bbox 1684 2560 2235 2644; x_wconf 80' lang='lat' dir='ltr'><strong>contemplabitur,</strong></span> <span class='ocrx_word' id='word_1_145' title='bbox 2292 2563 2367 2626; x_wconf 90' lang='lat' dir='ltr'><strong>ut</strong></span> <span class='ocrx_word' id='word_1_146' title='bbox 2411 2561 2482 2627; x_wconf 91' lang='lat' dir='ltr'><strong>in</strong></span> <span class='ocrx_word' id='word_1_147' title='bbox 2529 2562 2739 2628; x_wconf 90' lang='lat' dir='ltr'><strong>officio</strong></span> <span class='ocrx_word' id='word_1_148' title='bbox 2788 2565 3009 2630; x_wconf 88' lang='lat' dir='ltr'><strong>conti-</strong></span> 
     </span>
     <span class='ocr_line' id='line_1_22' title="bbox 637 2664 1886 2750; baseline 0.002 -20"><span class='ocrx_word' id='word_1_149' title='bbox 637 2665 908 2730; x_wconf 89' lang='lat' dir='ltr'><strong>neantur</strong></span> <span class='ocrx_word' id='word_1_150' title='bbox 951 2667 1017 2730; x_wconf 90' lang='grc'><strong>31</strong></span> <span class='ocrx_word' id='word_1_151' title='bbox 1060 2664 1230 2731; x_wconf 87' lang='grc' dir='ltr'><strong>Ι)333</strong></span> <span class='ocrx_word' id='word_1_152' title='bbox 1277 2684 1424 2730; x_wconf 85' lang='lat' dir='ltr'><strong>cum</strong></span> <span class='ocrx_word' id='word_1_153' title='bbox 1468 2665 1599 2732; x_wconf 91' lang='lat' dir='ltr'><strong>illis</strong></span> <span class='ocrx_word' id='word_1_154' title='bbox 1645 2665 1886 2750; x_wconf 87' lang='lat' dir='ltr'><strong>vigilet.</strong></span> 
     </span>
    </p>

    <p class='ocr_par' dir='ltr' id='par_1_9' title="bbox 638 2771 3014 3155">
     <span class='ocr_line' id='line_1_23' title="bbox 854 2771 3014 2856; baseline 0.003 -19"><span class='ocrx_word' id='word_1_155' title='bbox 854 2773 914 2837; x_wconf 89' lang='lat'><strong>6.</strong></span> <span class='ocrx_word' id='word_1_156' title='bbox 978 2771 1258 2855; x_wconf 89' lang='lat' dir='ltr'><strong>Singulis</strong></span> <span class='ocrx_word' id='word_1_157' title='bbox 1305 2772 1527 2837; x_wconf 90' lang='lat' dir='ltr'><strong>diebus</strong></span> <span class='ocrx_word' id='word_1_158' title='bbox 1572 2792 1610 2838; x_wconf 93' lang='lat' dir='ltr'><strong>a</strong></span> <span class='ocrx_word' id='word_1_159' title='bbox 1656 2772 1924 2856; x_wconf 87' lang='lat' dir='ltr'><strong>septima</strong></span> <span class='ocrx_word' id='word_1_160' title='bbox 1969 2773 2049 2837; x_wconf 91' lang='lat' dir='ltr'><strong>ad</strong></span> <span class='ocrx_word' id='word_1_161' title='bbox 2095 2792 2325 2838; x_wconf 88' lang='lat' dir='ltr'><strong>nonam</strong></span> <span class='ocrx_word' id='word_1_162' title='bbox 2378 2775 2961 2843; x_wconf 88' lang='lat' dir='ltr'><strong>antemeridianam</strong></span> <span class='ocrx_word' id='word_1_163' title='bbox 2979 2778 3014 2817; x_wconf 72' lang='lat'>⁸</span> 
     </span>
     <span class='ocr_line' id='line_1_24' title="bbox 638 2877 3010 2961; baseline 0.002 -18"><span class='ocrx_word' id='word_1_164' title='bbox 638 2877 706 2943; x_wconf 89' lang='lat' dir='ltr'><strong>et</strong></span> <span class='ocrx_word' id='word_1_165' title='bbox 748 2896 787 2942; x_wconf 91' lang='lat' dir='ltr'><strong>a</strong></span> <span class='ocrx_word' id='word_1_166' title='bbox 831 2878 1101 2943; x_wconf 93' lang='lat' dir='ltr'><strong>secunda</strong></span> <span class='ocrx_word' id='word_1_167' title='bbox 1145 2877 1222 2942; x_wconf 89' lang='lat' dir='ltr'><strong>ad</strong></span> <span class='ocrx_word' id='word_1_168' title='bbox 1269 2879 1561 2961; x_wconf 87' lang='lat' dir='ltr'><strong>quartam</strong></span> <span class='ocrx_word' id='word_1_169' title='bbox 1624 2878 2122 2961; x_wconf 90' lang='lat' dir='ltr'><strong>pomeridianam</strong></span> <span class='ocrx_word' id='word_1_170' title='bbox 2179 2879 2400 2945; x_wconf 90' lang='lat' dir='ltr'><strong>horam</strong></span> <span class='ocrx_word' id='word_1_171' title='bbox 2447 2900 2553 2946; x_wconf 84' lang='lat' dir='ltr'><strong>sex</strong></span> <span class='ocrx_word' id='word_1_172' title='bbox 2600 2881 2883 2947; x_wconf 88' lang='lat' dir='ltr'><strong>seniores</strong></span> <span class='ocrx_word' id='word_1_173' title='bbox 2932 2882 3010 2947; x_wconf 87' lang='lat' dir='ltr'><strong>in</strong></span> 
     </span>
     <span class='ocr_line' id='line_1_25' title="bbox 638 2982 3013 3067; baseline 0.003 -20"><span class='ocrx_word' id='word_1_174' title='bbox 638 2982 773 3048; x_wconf 85' lang='lat' dir='ltr'><strong>foro</strong></span> <span class='ocrx_word' id='word_1_175' title='bbox 841 2983 1098 3067; x_wconf 88' lang='lat' dir='ltr'><strong>locoque</strong></span> <span class='ocrx_word' id='word_1_176' title='bbox 1142 2983 1221 3048; x_wconf 88' lang='lat' dir='ltr'><strong>ad</strong></span> <span class='ocrx_word' id='word_1_177' title='bbox 1279 2983 1348 3048; x_wconf 92' lang='lat' dir='ltr'><strong>id</strong></span> <span class='ocrx_word' id='word_1_178' title='bbox 1407 2983 1719 3049; x_wconf 91' lang='lat' dir='ltr'><strong>destinato</strong></span> <span class='ocrx_word' id='word_1_179' title='bbox 1787 2984 2181 3051; x_wconf 87' lang='lat' dir='ltr'><strong>considentes</strong></span> <span class='ocrx_word' id='word_1_180' title='bbox 2242 3004 2459 3052; x_wconf 92' lang='lat' dir='ltr'><strong>omnes</strong></span> <span class='ocrx_word' id='word_1_181' title='bbox 2530 2988 3013 3055; x_wconf 83' lang='lat' dir='ltr'><strong>controversias</strong></span> 
     </span>
     <span class='ocr_line' id='line_1_26' title="bbox 639 3087 1493 3155; baseline 0.002 -2"><span class='ocrx_word' id='word_1_182' title='bbox 639 3087 773 3153; x_wconf 91' lang='lat' dir='ltr'><strong>suis</strong></span> <span class='ocrx_word' id='word_1_183' title='bbox 819 3087 1084 3154; x_wconf 88' lang='lat' dir='ltr'><strong>decretis</strong></span> <span class='ocrx_word' id='word_1_184' title='bbox 1129 3088 1429 3155; x_wconf 89' lang='lat' dir='ltr'><strong>diriment</strong></span> <span class='ocrx_word' id='word_1_185' title='bbox 1447 3091 1493 3155; x_wconf 77' lang='lat'><strong>⁴.</strong></span> 
     </span>
    </p>

    <p class='ocr_par' dir='ltr' id='par_1_10' title="bbox 640 3193 3016 3499">
     <span class='ocr_line' id='line_1_27' title="bbox 858 3193 3010 3278; baseline 0.004 -19"><span class='ocrx_word' id='word_1_186' title='bbox 858 3195 915 3259; x_wconf 81' lang='lat'><strong>7.</strong></span> <span class='ocrx_word' id='word_1_187' title='bbox 987 3193 1301 3278; x_wconf 92' lang='lat' dir='ltr'><strong>Quicquid</strong></span> <span class='ocrx_word' id='word_1_188' title='bbox 1371 3194 1645 3262; x_wconf 89' lang='lat' dir='ltr'><strong>seniores</strong></span> <span class='ocrx_word' id='word_1_189' title='bbox 1692 3196 2011 3262; x_wconf 87' lang='lat' dir='ltr'><strong>communi</strong></span> <span class='ocrx_word' id='word_1_190' title='bbox 2079 3198 2346 3263; x_wconf 90' lang='lat' dir='ltr'><strong>consilio</strong></span> <span class='ocrx_word' id='word_1_191' title='bbox 2405 3199 2477 3265; x_wconf 91' lang='lat' dir='ltr'><strong>in</strong></span> <span class='ocrx_word' id='word_1_192' title='bbox 2521 3198 2644 3265; x_wconf 88' lang='grc'><strong>1133</strong></span> <span class='ocrx_word' id='word_1_193' title='bbox 2688 3220 2858 3266; x_wconf 85' lang='lat' dir='ltr'><strong>nova</strong></span> <span class='ocrx_word' id='word_1_194' title='bbox 2903 3202 3010 3267; x_wconf 91' lang='lat' dir='ltr'><strong>Is-</strong></span> 
     </span>
     <span class='ocr_line' id='line_1_28' title="bbox 640 3297 3016 3392; baseline 0.005 -30"><span class='ocrx_word' id='word_1_195' title='bbox 640 3297 876 3363; x_wconf 88' lang='lat' dir='ltr'><strong>rahelis</strong></span> <span class='ocrx_word' id='word_1_196' title='bbox 921 3300 1245 3383; x_wconf 88' lang='lat' dir='ltr'><strong>republica</strong></span> <span class='ocrx_word' id='word_1_197' title='bbox 1288 3300 1448 3366; x_wconf 89' lang='lat' dir='ltr'><strong>utile</strong></span> <span class='ocrx_word' id='word_1_198' title='bbox 1509 3320 1642 3367; x_wconf 88' lang='lat' dir='ltr'><strong>esse</strong></span> <span class='ocrx_word' id='word_1_199' title='bbox 1687 3302 2094 3386; x_wconf 83' lang='lat' dir='ltr'><strong>decreverint,</strong></span> <span class='ocrx_word' id='word_1_200' title='bbox 2150 3305 2418 3371; x_wconf 89' lang='lat' dir='ltr'><strong>Ioannes</strong></span> <span class='ocrx_word' id='word_1_201' title='bbox 2463 3306 2802 3390; x_wconf 81' lang='lat' dir='ltr'><strong>Leydanus</strong></span> <span class='ocrx_word' id='word_1_202' title='bbox 2851 3328 3016 3392; x_wconf 90' lang='lat' dir='ltr'><strong>pro-</strong></span> 
     </span>
     <span class='ocr_line' id='line_1_29' title="bbox 641 3402 3012 3499; baseline 0.005 -32"><span class='ocrx_word' id='word_1_203' title='bbox 641 3402 836 3487; x_wconf 89' lang='lat' dir='ltr'><strong>pheta</strong></span> <span class='ocrx_word' id='word_1_204' title='bbox 901 3405 1200 3489; x_wconf 90' lang='lat' dir='ltr'><strong>tanquam</strong></span> <span class='ocrx_word' id='word_1_205' title='bbox 1245 3406 1452 3472; x_wconf 90' lang='lat' dir='ltr'><strong>fidelis</strong></span> <span class='ocrx_word' id='word_1_206' title='bbox 1518 3406 1811 3473; x_wconf 90' lang='lat' dir='ltr'><strong>minister</strong></span> <span class='ocrx_word' id='word_1_207' title='bbox 1877 3409 2177 3475; x_wconf 89' lang='lat' dir='ltr'><strong>altissimi</strong></span> <span class='ocrx_word' id='word_1_208' title='bbox 2223 3413 2288 3475; x_wconf 92' lang='lat' dir='ltr'><strong>et</strong></span> <span class='ocrx_word' id='word_1_209' title='bbox 2334 3412 2723 3477; x_wconf 89' lang='lat' dir='ltr'><strong>sacrosancti</strong></span> <span class='ocrx_word' id='word_1_210' title='bbox 2790 3414 3012 3499; x_wconf 88' lang='lat' dir='ltr'><strong>magi-</strong></span> 
     </span>
    </p>
   </div>
   <div class='ocr_carea' id='block_1_4' title="bbox 641 3508 3019 3698">
    <p class='ocr_par' dir='ltr' id='par_1_11' title="bbox 641 3508 3019 3698">
     <span class='ocr_line' id='line_1_30' title="bbox 643 3508 3019 3679; baseline 0.005 -105"><span class='ocrx_word' id='word_1_211' title='bbox 643 3508 879 3679; x_wconf 39' lang='lat' dir='ltr'><strong>stratus</strong></span> <span class='ocrx_word' id='word_1_212' title='bbox 927 3512 1366 3578; x_wconf 87' lang='lat' dir='ltr'><strong>communitati</strong></span> <span class='ocrx_word' id='word_1_213' title='bbox 1396 3512 1639 3579; x_wconf 87' lang='lat' dir='ltr'><strong>Christi</strong></span> <span class='ocrx_word' id='word_1_214' title='bbox 1683 3514 1926 3598; x_wconf 88' lang='lat' dir='ltr'><strong>totique</strong></span> <span class='ocrx_word' id='word_1_215' title='bbox 1954 3515 2304 3581; x_wconf 88' lang='lat' dir='ltr'><strong>Israelitico</strong></span> <span class='ocrx_word' id='word_1_216' title='bbox 2339 3517 2548 3583; x_wconf 89' lang='lat' dir='ltr'><strong>coetui</strong></span> <span class='ocrx_word' id='word_1_217' title='bbox 2578 3520 3019 3587; x_wconf 88' lang='lat' dir='ltr'><strong>annunciabit</strong></span> 
     </span>
     <span class='ocr_line' id='line_1_31' title="bbox 641 3616 1074 3698; baseline 0.005 -18"><span class='ocrx_word' id='word_1_218' title='bbox 641 3633 676 3680; x_wconf 90' lang='grc'><strong>3</strong></span> <span class='ocrx_word' id='word_1_219' title='bbox 750 3616 1074 3698; x_wconf 89' lang='lat' dir='ltr'><strong>proponet.</strong></span> 
     </span>
    </p>
   </div>
   <div class='ocr_carea' id='block_1_5' title="bbox 639 3729 1065 3742">
    <p class='ocr_par' dir='ltr' id='par_1_12' title="bbox 639 3729 1065 3742">
     <span class='ocr_line' id='line_1_32' title="bbox 639 3729 1065 3742; baseline 0 1333"><span class='ocrx_word' id='word_1_220' title='bbox 639 3729 1065 3742; x_wconf 95' lang='lat' dir='ltr'><strong> </strong></span> 
     </span>
    </p>
   </div>
   <div class='ocr_carea' id='block_1_6' title="bbox 637 3771 3022 4457">
    <p class='ocr_par' dir='ltr' id='par_1_13' title="bbox 637 3771 3022 4457">
     <span class='ocr_line' id='line_1_33' title="bbox 858 3771 3019 3856; baseline 0.006 -30"><span class='ocrx_word' id='word_1_221' title='bbox 858 3771 902 3841; x_wconf 84' lang='lat'><strong>¹)</strong></span> <span class='ocrx_word' id='word_1_222' title='bbox 937 3772 1040 3827; x_wconf 88' lang='lat' dir='ltr'><strong>Ein</strong></span> <span class='ocrx_word' id='word_1_223' title='bbox 1064 3772 1186 3828; x_wconf 82' lang='lat' dir='ltr'><strong>Teil</strong></span> <span class='ocrx_word' id='word_1_224' title='bbox 1224 3772 1399 3829; x_wconf 87' lang='lat' dir='ltr'><strong>dieser</strong></span> <span class='ocrx_word' id='word_1_225' title='bbox 1420 3775 1845 3848; x_wconf 84' lang='lat' dir='ltr'><strong>Verordnungen</strong></span> <span class='ocrx_word' id='word_1_226' title='bbox 1882 3778 1979 3832; x_wconf 88' lang='lat' dir='ltr'><strong>der</strong></span> <span class='ocrx_word' id='word_1_227' title='bbox 2000 3777 2285 3835; x_wconf 89' lang='lat' dir='ltr'><strong>Aeltesten</strong></span> <span class='ocrx_word' id='word_1_228' title='bbox 2321 3782 2399 3836; x_wconf 85' lang='lat' dir='ltr'><strong>ist</strong></span> <span class='ocrx_word' id='word_1_229' title='bbox 2427 3782 2566 3838; x_wconf 86' lang='lat' dir='ltr'><strong>auch</strong></span> <span class='ocrx_word' id='word_1_230' title='bbox 2605 3784 2665 3838; x_wconf 89' lang='lat' dir='ltr'><strong>in</strong></span> <span class='ocrx_word' id='word_1_231' title='bbox 2703 3783 2802 3838; x_wconf 85' lang='lat' dir='ltr'><strong>das</strong></span> <span class='ocrx_word' id='word_1_232' title='bbox 2828 3783 3019 3856; x_wconf 81' lang='lat' dir='ltr'><strong>Flag-</strong></span> 
     </span>
     <span class='ocr_line' id='line_1_34' title="bbox 639 3858 3021 3934; baseline 0.005 -18"><span class='ocrx_word' id='word_1_233' title='bbox 639 3858 790 3916; x_wconf 86' lang='lat' dir='ltr'><strong>blatt</strong></span> <span class='ocrx_word' id='word_1_234' title='bbox 828 3859 963 3927; x_wconf 86' lang='lat' dir='ltr'><strong>„Die</strong></span> <span class='ocrx_word' id='word_1_235' title='bbox 999 3860 1294 3932; x_wconf 81' lang='lat' dir='ltr'><strong>Ordnung“</strong></span> <span class='ocrx_word' id='word_1_236' title='bbox 1334 3862 1767 3934; x_wconf 78' lang='lat' dir='ltr'><strong>iibergegangen.</strong></span> <span class='ocrx_word' id='word_1_237' title='bbox 1839 3866 1944 3920; x_wconf 89' lang='lat' dir='ltr'><strong>Die</strong></span> <span class='ocrx_word' id='word_1_238' title='bbox 1978 3866 2036 3920; x_wconf 88' lang='lat' dir='ltr'>N</span> <span class='ocrx_word' id='word_1_239' title='bbox 2035 3884 2193 3922; x_wconf 89' lang='lat' dir='ltr'><strong>amen</strong></span> <span class='ocrx_word' id='word_1_240' title='bbox 2248 3869 2372 3923; x_wconf 85' lang='lat' dir='ltr'><strong>sind</strong></span> <span class='ocrx_word' id='word_1_241' title='bbox 2408 3871 2509 3925; x_wconf 82' lang='lat' dir='ltr'><strong>wie</strong></span> <span class='ocrx_word' id='word_1_242' title='bbox 2546 3873 2742 3926; x_wconf 80' lang='lat' dir='ltr'><strong>immor</strong></span> <span class='ocrx_word' id='word_1_243' title='bbox 2778 3873 2838 3926; x_wconf 91' lang='lat' dir='ltr'><strong>in</strong></span> <span class='ocrx_word' id='word_1_244' title='bbox 2878 3872 3021 3928; x_wconf 86' lang='lat' dir='ltr'><strong>dem</strong></span> 
     </span>
     <span class='ocr_line' id='line_1_35' title="bbox 639 3947 3021 4031; baseline 0.005 -27"><span class='ocrx_word' id='word_1_245' title='bbox 639 3947 858 4004; x_wconf 84' lang='lat' dir='ltr'><strong>Drucke</strong></span> <span class='ocrx_word' id='word_1_246' title='bbox 895 3947 1175 4003; x_wconf 87' lang='lat' dir='ltr'><strong>derselben</strong></span> <span class='ocrx_word' id='word_1_247' title='bbox 1212 3949 1336 4004; x_wconf 88' lang='lat' dir='ltr'><strong>sehr</strong></span> <span class='ocrx_word' id='word_1_248' title='bbox 1361 3951 1623 4006; x_wconf 86' lang='lat' dir='ltr'><strong>entstellt.</strong></span> <span class='ocrx_word' id='word_1_249' title='bbox 1677 3953 1776 4007; x_wconf 85' lang='lat' dir='ltr'><strong>Wo</strong></span> <span class='ocrx_word' id='word_1_250' title='bbox 1801 3954 1918 4009; x_wconf 90' lang='lat' dir='ltr'><strong>sich</strong></span> <span class='ocrx_word' id='word_1_251' title='bbox 1953 3960 2361 4012; x_wconf 80' lang='lat' dir='ltr'><strong>nennenswerte</strong></span> <span class='ocrx_word' id='word_1_252' title='bbox 2384 3957 2830 4031; x_wconf 74' lang='lat' dir='ltr'><strong>Abweichungen</strong></span> <span class='ocrx_word' id='word_1_253' title='bbox 2872 3962 3021 4017; x_wconf 83' lang='lat' dir='ltr'><strong>oder</strong></span> 
     </span>
     <span class='ocr_line' id='line_1_36' title="bbox 642 4035 3014 4116; baseline 0.006 -25"><span class='ocrx_word' id='word_1_254' title='bbox 642 4036 873 4091; x_wconf 67' lang='lat' dir='ltr'><strong>Zusatze</strong></span> <span class='ocrx_word' id='word_1_255' title='bbox 907 4035 1132 4105; x_wconf 71' lang='grc'><strong>13111133,</strong></span> <span class='ocrx_word' id='word_1_256' title='bbox 1187 4035 1327 4091; x_wconf 87' lang='lat' dir='ltr'><strong>habe</strong></span> <span class='ocrx_word' id='word_1_257' title='bbox 1362 4037 1453 4093; x_wconf 91' lang='lat' dir='ltr'><strong>ich</strong></span> <span class='ocrx_word' id='word_1_258' title='bbox 1488 4040 1567 4093; x_wconf 88' lang='grc'><strong>313</strong></span> <span class='ocrx_word' id='word_1_259' title='bbox 1600 4041 1886 4096; x_wconf 70' lang='grc'><strong>1313131111.</strong></span> <span class='ocrx_word' id='word_1_260' title='bbox 1957 4042 2063 4096; x_wconf 89' lang='lat' dir='ltr'><strong>Die</strong></span> <span class='ocrx_word' id='word_1_261' title='bbox 2098 4043 2531 4116; x_wconf 86' lang='lat' dir='ltr'><strong>Verordnungen</strong></span> <span class='ocrx_word' id='word_1_262' title='bbox 2567 4047 2755 4103; x_wconf 86' lang='lat' dir='ltr'><strong>fehlen</strong></span> <span class='ocrx_word' id='word_1_263' title='bbox 2792 4051 3014 4106; x_wconf 79' lang='lat' dir='ltr'><strong>sowohl</strong></span> 
     </span>
     <span class='ocr_line' id='line_1_37' title="bbox 639 4123 3015 4196; baseline 0.006 -17"><span class='ocrx_word' id='word_1_264' title='bbox 639 4124 719 4180; x_wconf 89' lang='lat' dir='ltr'><strong>im</strong></span> <span class='ocrx_word' id='word_1_265' title='bbox 755 4123 1096 4193; x_wconf 82' lang='lat' dir='ltr'><strong>Manuscript</strong></span> <span class='ocrx_word' id='word_1_266' title='bbox 1147 4123 1242 4177; x_wconf 89' lang='lat' dir='ltr'><strong>des</strong></span> <span class='ocrx_word' id='word_1_267' title='bbox 1281 4124 1666 4196; x_wconf 79' lang='grc' dir='ltr'><strong>,,“Τ33311113113</strong></span> <span class='ocrx_word' id='word_1_268' title='bbox 1705 4129 1807 4182; x_wconf 84' lang='lat' dir='ltr'><strong>wie</strong></span> <span class='ocrx_word' id='word_1_269' title='bbox 1843 4129 1983 4183; x_wconf 87' lang='lat' dir='ltr'><strong>auch</strong></span> <span class='ocrx_word' id='word_1_270' title='bbox 2036 4130 2095 4183; x_wconf 92' lang='lat' dir='ltr'><strong>in</strong></span> <span class='ocrx_word' id='word_1_271' title='bbox 2132 4131 2229 4186; x_wconf 88' lang='lat' dir='ltr'><strong>der</strong></span> <span class='ocrx_word' id='word_1_272' title='bbox 2263 4133 2683 4191; x_wconf 80' lang='lat' dir='ltr'><strong>Mfinsterschen</strong></span> <span class='ocrx_word' id='word_1_273' title='bbox 2718 4137 3015 4195; x_wconf 79' lang='lat' dir='ltr'><strong>Bischofs·</strong></span> 
     </span>
     <span class='ocr_line' id='line_1_38' title="bbox 641 4208 3022 4300; baseline 0.006 -33"><span class='ocrx_word' id='word_1_274' title='bbox 641 4211 1004 4268; x_wconf 84' lang='lat' dir='ltr'><strong>chronik.—</strong></span> <span class='ocrx_word' id='word_1_275' title='bbox 1062 4208 1106 4279; x_wconf 75' lang='lat'><strong>²)</strong></span> <span class='ocrx_word' id='word_1_276' title='bbox 1141 4209 1306 4266; x_wconf 82' lang='lat' dir='ltr'><strong>Fehlt</strong></span> <span class='ocrx_word' id='word_1_277' title='bbox 1338 4213 1398 4266; x_wconf 90' lang='lat' dir='ltr'><strong>in</strong></span> <span class='ocrx_word' id='word_1_278' title='bbox 1433 4214 1531 4269; x_wconf 90' lang='lat' dir='ltr'><strong>der</strong></span> <span class='ocrx_word' id='word_1_279' title='bbox 1569 4213 1911 4286; x_wconf 85' lang='lat' dir='ltr'><strong>,‚.“Ordnung</strong></span> <span class='ocrx_word' id='word_1_280' title='bbox 1951 4245 2020 4256; x_wconf 95' lang='lat'><strong>—</strong></span> <span class='ocrx_word' id='word_1_281' title='bbox 2077 4216 2124 4287; x_wconf 82' lang='lat'><strong>⁸)</strong></span> <span class='ocrx_word' id='word_1_282' title='bbox 2161 4220 2867 4294; x_wconf 62' lang='grc' dir='ltr'><strong>1)13,.“10111311113,Α113</strong></span> <span class='ocrx_word' id='word_1_283' title='bbox 2904 4231 3022 4300; x_wconf 81' lang='lat' dir='ltr'><strong>tag-</strong></span> 
     </span>
     <span class='ocr_line' id='line_1_39' title="bbox 638 4299 3017 4378; baseline 0.007 -24"><span class='ocrx_word' id='word_1_284' title='bbox 638 4315 739 4354; x_wconf 74' lang='lat' dir='ltr'><strong>vor</strong></span> <span class='ocrx_word' id='word_1_285' title='bbox 773 4299 924 4355; x_wconf 86' lang='lat' dir='ltr'><strong>siben</strong></span> <span class='ocrx_word' id='word_1_286' title='bbox 959 4314 1096 4353; x_wconf 85' lang='lat' dir='ltr'><strong>uren</strong></span> <span class='ocrx_word' id='word_1_287' title='bbox 1133 4299 1394 4354; x_wconf 79' lang='lat' dir='ltr'><strong>zwischen</strong></span> <span class='ocrx_word' id='word_1_288' title='bbox 1433 4301 1599 4356; x_wconf 84' lang='lat' dir='ltr'><strong>zehen</strong></span> <span class='ocrx_word' id='word_1_289' title='bbox 1634 4304 1977 4376; x_wconf 57' lang='lat' dir='ltr'><strong>vormittagf‘</strong></span> <span class='ocrx_word' id='word_1_290' title='bbox 2018 4333 2088 4344; x_wconf 92' lang='lat'>—</span> <span class='ocrx_word' id='word_1_291' title='bbox 2124 4305 2173 4376; x_wconf 85' lang='lat'><strong>⁴)</strong></span> <span class='ocrx_word' id='word_1_292' title='bbox 2210 4308 2338 4378; x_wconf 85' lang='lat' dir='ltr'><strong>Vgl.</strong></span> <span class='ocrx_word' id='word_1_293' title='bbox 2377 4326 2443 4364; x_wconf 79' lang='lat' dir='ltr'><strong>zu</strong></span> <span class='ocrx_word' id='word_1_294' title='bbox 2481 4310 2688 4367; x_wconf 85' lang='lat' dir='ltr'><strong>diesem</strong></span> <span class='ocrx_word' id='word_1_295' title='bbox 2724 4313 2842 4367; x_wconf 89' lang='lat' dir='ltr'><strong>und</strong></span> <span class='ocrx_word' id='word_1_296' title='bbox 2879 4314 3017 4370; x_wconf 87' lang='lat' dir='ltr'><strong>dem</strong></span> 
     </span>
     <span class='ocr_line' id='line_1_40' title="bbox 637 4383 2346 4457; baseline 0.006 -15"><span class='ocrx_word' id='word_1_297' title='bbox 637 4385 931 4457; x_wconf 78' lang='lat' dir='ltr'><strong>folgenden</strong></span> <span class='ocrx_word' id='word_1_298' title='bbox 966 4383 1184 4441; x_wconf 79' lang='lat' dir='ltr'><strong>Artikel</strong></span> <span class='ocrx_word' id='word_1_299' title='bbox 1220 4384 1324 4440; x_wconf 87' lang='lat' dir='ltr'><strong>den</strong></span> <span class='ocrx_word' id='word_1_300' title='bbox 1357 4388 1583 4443; x_wconf 88' lang='lat' dir='ltr'><strong>Bericht</strong></span> <span class='ocrx_word' id='word_1_301' title='bbox 1615 4388 1686 4444; x_wconf 84' lang='grc' dir='ltr'><strong>Β.</strong></span> <span class='ocrx_word' id='word_1_302' title='bbox 1725 4389 2082 4447; x_wconf 78' lang='lat' dir='ltr'><strong>Gresbeck’</strong></span> <span class='ocrx_word' id='word_1_303' title='bbox 2094 4411 2123 4449; x_wconf 87' lang='lat' dir='ltr'><strong>s</strong></span> <span class='ocrx_word' id='word_1_304' title='bbox 2167 4394 2222 4451; x_wconf 84' lang='lat' dir='ltr'><strong>S.</strong></span> <span class='ocrx_word' id='word_1_305' title='bbox 2257 4398 2346 4451; x_wconf 83' lang='lat'><strong>36.</strong></span> 
     </span>
    </p>
   </div>
  </div>
 </body>
</html>
