3259 5075
1221 285 1408 351 Anno
1460 286 1627 351 1533
1676 285 1833 350 acta.
2567 282 2700 347 439

340 461 506 526 dum
555 461 892 527 admittere
937 460 1174 528 debere.
1271 463 1349 527 Se
1393 461 1659 545 proinde
1704 459 1887 542 illud,
1938 459 2101 544 quod
2151 457 2433 539 dissidia,
2500 458 2700 522 schis-

338 569 522 632 mata
556 569 620 632 et
666 567 1002 633 seditiones
1047 569 1270 651 pariat,
1317 569 1388 633 in
1433 566 1902 632 incommodum
1950 585 2098 631 suae
2144 564 2530 649 reipublicae
2576 584 2701 629 non

339 673 830 757 permissurum.
924 672 1086 739 Cum
1154 674 1365 759 itaque
1411 675 1477 739 vi
1523 673 1967 739 transactionis
2016 672 2341 737 conciones
2410 670 2701 734 monachi

340 779 417 844 in
459 798 707 846 summo
755 780 990 862 templo
1049 780 1276 845 merito
1323 800 1448 845 non
1495 800 1627 845 esse
1687 779 1971 845 ferendas
2019 779 2329 858 censeant,
2379 796 2443 842 se
2489 775 2702 859 legiti-

341 905 530 950 mum
574 905 945 968 responsum
991 885 1237 951 dedisse
1283 906 1409 951 non
1455 886 1766 952 dubitare.

564 991 664 1056 Ad
697 1011 856 1076 quae
901 993 1192 1076 princeps
1241 995 1344 1059 28.
1380 992 1744 1059 Octobris¹2
1793 993 1871 1058 Se
1904 992 2139 1074 scripta
2184 992 2437 1055 senatus
2487 990 2559 1055 in
2591 1008 2704 1054 sua

345 1098 726 1163 auctoritate
772 1100 837 1163 et
883 1099 1362 1181 existimatione,
1412 1098 1469 1164 si
1514 1118 1706 1183 quam
1751 1099 2041 1179 habeant,
2090 1099 2463 1181 relinquere.
2544 1096 2705 1162 Cum

346 1204 566 1268 autern
612 1204 1037 1269 concionatori
1083 1205 1494 1287 mandaverit,
1543 1206 1619 1270 ut
1650 1206 1916 1270 verbum
1946 1205 2067 1269 Dei
2111 1223 2267 1287 pure
2312 1203 2545 1287 populo
2593 1222 2704 1267 an-

344 1310 630 1392 nunciet,
680 1329 744 1375 se
791 1329 1038 1394 sperare
1084 1311 1298 1393 ipsum
1342 1330 1380 1376 a
1423 1311 1600 1376 nullo
1647 1311 1717 1375 in
1764 1310 1970 1376 officio
2040 1313 2329 1392 suscepto
2374 1309 2704 1374 turbatum

343 1415 451 1497 iri,
504 1416 612 1481 sed
661 1419 951 1482 senatum
996 1418 1428 1501 superioribus
1478 1418 1610 1483 suis
1659 1418 1912 1499 scriptis
1960 1417 2335 1498 pariturum.

567 1523 806 1588 Eodem
852 1523 955 1588 die
1002 1526 1106 1589 28.
1158 1524 1450 1590 Octobris
1509 1524 1803 1607 princeps
1849 1523 1930 1587 ad
1976 1525 2335 1588 senatum²z
2400 1522 2476 1587 Se
2524 1521 2704 1586 audi-

346 1628 525 1695 tione
571 1649 696 1695 non
740 1649 902 1695 vana
947 1631 1261 1713 accepisse
1329 1631 1634 1714 quosdam
1680 1649 1957 1711 errones,
2006 1648 2195 1712 vagos
2243 1630 2306 1693 et
2351 1627 2704 1710 incognitos

345 1733 750 1801 ver*berones
797 1737 1079 1820 legitime
1111 1756 1238 1802 non
1269 1739 1517 1802 vocatos
1562 1737 1821 1820 propria
1866 1756 1931 1801 se
1962 1736 2336 1801 auctoritate
2382 1734 2449 1797 in
2482 1734 2698 1798 urbem

349 1861 534 1906 suam
564 1842 920 1925 ingessisse,
962 1862 1220 1907 erronea
1249 1845 1313 1908 et
1344 1842 1644 1909 seditiosa
1675 1843 1965 1908 doctrina
1991 1842 2242 1925 plebem
2275 1838 2700 1921 commovisse,

347 1947 609 2012 tandem
653 1948 1022 2014 damnatum
1054 1950 1119 2013 et
1148 1968 1274 2013 non
1319 1949 1717 2014 tolerandum
1763 1948 2307 2032 anabaptistarum
2354 1963 2703 2010 sacramen-

352 2053 781 2138 tariorumque
851 2054 1079 2137 dogma
1146 2055 1586 2119 disseminasse
1634 2056 1697 2119 et
1742 2055 2070 2138 impietate
2132 2071 2246 2117 sua
2314 2053 2513 2116 totam
2575 2050 2705 2116 fere

349 2159 576 2223 urbem
621 2161 1079 2226 contaminasse
1096 2161 1139 2225 ³.
1212 2159 1371 2225 Cum
1417 2161 1629 2224 autern
1676 2160 1747 2224 hi
1792 2159 2093 2242 flagitiosi
2137 2177 2384 2223 errones
2429 2157 2498 2221 in
2544 2157 2700 2221 urbe

353 2264 560 2329 adhuc
590 2265 992 2331 detineantur
1022 2268 1087 2331 et
1117 2258 1526 2331 metuendum
1559 2267 1664 2347 sit,
1714 2285 1792 2331 ne
1822 2286 1947 2331 non
1978 2265 2182 2329 toxico
2229 2264 2352 2328 isto
2384 2264 2705 2327 incautam

352 2370 699 2454 rudemque
743 2372 996 2454 plebem
1043 2372 1557 2453 circumveniant,
1630 2372 1934 2437 seducant
1978 2373 2041 2436 et
2087 2370 2394 2449 inficiant,
2440 2368 2704 2450 proinde

353 2495 420 2541 se
466 2476 735 2542 caesarei
781 2478 975 2544 edicti
1021 2478 1395 2544 auctoritate
1441 2477 1674 2543 fretum
1720 2478 1930 2562 ipsum
1978 2479 2266 2543 senatum
2308 2494 2575 2558 monere,
2624 2493 2703 2540 116

351 2582 545 2649 falsos
613 2584 770 2649 istos
837 2584 1121 2651 doctores
1190 2587 1492 2668 receptet,
1562 2585 1674 2650 sed
1718 2587 1875 2651 urbe
1923 2585 2161 2667 eiiciat,
2232 2585 2309 2648 ut
2353 2602 2704 2648 caesaream

352 2690 543 2773 atque
587 2690 980 2774 imperialem
1033 2691 1533 2775 indignationem
1578 2710 1966 2776 poenamque
2013 2691 2289 2774 effugiat.

567 2797 737 2862 Haec
804 2798 1112 2881 principis
1174 2797 1412 2881 scripta
1457 2799 1747 2863 senatum
1793 2816 1831 2861 a
1874 2796 2122 2862 decreto
2170 2816 2282 2861 suo
2329 2816 2455 2861 non
2499 2815 2704 2861 remo-

352 2904 595 2986 rantur,
646 2904 802 2988 quin
846 2904 1045 2987 priori
1108 2904 1680 2987 Bispinckhoviano
1726 2905 1942 2969 tutum
2010 2903 2430 2968 commeatum
2477 2904 2541 2965 et
2583 2919 2703 2984 pu-

353 3008 589 3074 blicam
656 3009 1060 3076 securitatem
1129 3011 1543 3076 renunciaret.
1640 3011 1845 3090 Quare
1910 3011 2201 3095 princeps
2258 3012 2362 3075 30.
2412 3008 2701 3075 Octobris

353 3114 447 3179 sic
479 3115 560 3179 ad
590 3118 951 3182 senatum⁴z
1000 3117 1139 3183 Sibi
1182 3117 1454 3183 relatum
1485 3137 1637 3198 esse,
1687 3117 1853 3201 quod
1897 3117 2097 3200 priori
2127 3114 2702 3199 Bispinckhoviano

353 3240 428 3286 ac
473 3221 777 3287 dominici
821 3224 1046 3307 templi
1105 3223 1527 3288 concionatori
1570 3224 1641 3286 in
1688 3243 1802 3288 sua
1846 3223 2102 3288 civitate
2149 3222 2553 3287 securitatem
2597 3222 2703 3285 tu-

351 3329 618 3411 tumque
663 3331 1078 3395 commeatum
1122 3332 1374 3412 praeter
1418 3330 1911 3412 expectationem
1944 3332 2007 3395 et
2054 3349 2229 3413 spem
2261 3348 2440 3393 suam
2471 3346 2703 3393 renun-

354 3432 635 3514 ciaverit,
686 3435 852 3518 quod
898 3454 1010 3500 suo
1055 3437 1236 3501 iussu
1279 3436 1349 3501 in
1381 3437 1618 3520 templo
1668 3436 1979 3501 dominico
2027 3438 2353 3502 consuetas
2402 3435 2703 3500 stationes

352 3557 428 3604 ac
474 3540 800 3606 conciones
867 3544 1165 3609 habuerit
1180 3546 1225 3608 ⁵.
1321 3544 1398 3608 Se
1443 3543 1657 3628 itaque
1702 3563 1974 3627 poscere,
2023 3545 2098 3608 ut
2142 3541 2558 3607 interdictum
2603 3559 2703 3605 re-

574 3735 615 3804 ¹)
651 3735 764 3790 Ans
800 3737 1122 3791 Fiirstenau.
1181 3736 1430 3806 Konzept
1465 3738 1541 3791 im
1579 3736 1750 3792 St.-A.
1788 3736 1864 3791 M.
1902 3764 1975 3776 —-
2018 3734 2060 3798 2)
2100 3734 2258 3790 Nach
2296 3735 2417 3789 dem
2454 3734 2703 3803 Koncht

352 3825 430 3877 im
469 3823 641 3879 St.-A.
677 3824 752 3879 M.
790 3825 1126 3895 abgedruckt
1161 3842 1264 3879 von
1302 3826 1362 3879 L.
1400 3825 1672 3880 Keller:
1714 3824 1777 3879 G.
1806 3823 1856 3879 d.
1884 3824 1966 3880 W.
2006 3824 2060 3879 S.
2098 3824 2203 3878 302
2222 3825 2260 3879 f.
2313 3852 2381 3862 —
2438 3821 2481 3889 ⁸)
2518 3822 2702 3878 Kerss.

353 3912 624 3982 iibergeht
659 3912 779 3967 hier
814 3913 903 3967 die
941 3913 1148 3968 Worte:
1193 3913 1511 3980 „denselven
1550 3913 1690 3968 doch
1727 3912 1896 3967 durch
1923 3914 2039 3982 juw
2075 3914 2179 3965 mit
2214 3912 2441 3982 tydigen
2478 3909 2703 3965 vorrade

353 3999 467 4054 und
503 4000 728 4055 insehen
763 4001 1173 4072 vorgekomen.“
1215 4031 1282 4040 -
1321 4002 1365 4069 ⁴)
1401 4003 1513 4057 Ans
1550 4003 1873 4056 Fiirstenau.
1923 4001 2174 4071 Konzept
2209 4001 2284 4054 im
2322 4001 2493 4057 St.-A.
2518 4000 2594 4056 M.
2633 4028 2700 4039 —

353 4087 399 4158 ⁵)
436 4088 550 4143 Der
582 4089 813 4144 Bischof
843 4091 969 4160 ffigt
1017 4090 1211 4144 hinzu:
1268 4091 1485 4158 „Geven
1522 4091 1647 4146 dem
1683 4090 1773 4145 oik
1807 4089 1948 4145 noch
1985 4094 2072 4144 tor
2107 4089 2234 4159 tyth
2287 4106 2467 4160 gynen
2503 4089 2700 4143 11111611-

351 4176 547 4230 komen
585 4177 843 4248 gelowen.
918 4177 1017 4232 Wo
1056 4178 1301 4234 donnoch
1352 4178 1521 4233 durch
1566 4180 1685 4249 juw
1722 4181 1885 4249 tegen
1940 4178 2211 4248 gemelten
2248 4177 2601 4248 predicanten
2636 4194 2703 4232 us

352 4267 412 4319 to
448 4264 797 4337 verhonynge
850 4267 963 4321 und
997 4267 1380 4339 verkleinonge
1416 4271 1759 4338 vorgerurter
1793 4266 2016 4321 inathen
2063 4266 2361 4337 gehandelt
2409 4265 2520 4320 und
2556 4269 2701 4321 vort-

354 4354 596 4425 gefarem
634 4355 840 4427 dragen
875 4374 962 4427 wy
998 4374 1112 4429 gyn
1148 4357 1415 4412 unbillick
1448 4356 1798 4412 besl-embden
1835 4355 1948 4410 und
1983 4356 2220 4426 begeren
2257 4354 2539 4426 derwegen
2578 4396 2591 4409 .
2614 4394 2627 4408 .
2650 4355 2696 4407 .“

2730 1006 2798 1048 28.
2828 1003 2936 1049 Oct.

2728 1747 2755 1776 ‘¹
2773 1766 2827 1819 p.
2863 1748 2987 1803 393.

2730 3030 2798 3071 30.
2829 3024 2936 3070 Oct.
