<?xml version="1.0" encoding="UTF-8"?>
<!DOCTYPE html PUBLIC "-//W3C//DTD XHTML 1.0 Transitional//EN"
    "http://www.w3.org/TR/xhtml1/DTD/xhtml1-transitional.dtd">
<html xmlns="http://www.w3.org/1999/xhtml" xml:lang="en" lang="en">
 <head>
  <title>
</title>
<meta http-equiv="Content-Type" content="text/html;charset=utf-8" />
  <meta name='ocr-system' content='tesseract 3.04.00' />
  <meta name='ocr-capabilities' content='ocr_page ocr_carea ocr_par ocr_line ocrx_word'/>
</head>
<body>
  <div class='ocr_page' id='page_1' title='image "./hermanniakersse00westgoog_0162.png"; bbox 0 0 3259 5075; ppageno 0'>
   <div class='ocr_carea' id='block_1_1' title="bbox 589 277 2065 347">
    <p class='ocr_par' dir='ltr' id='par_1_1' title="bbox 589 277 2065 347">
     <span class='ocr_line' id='line_1_1' title="bbox 589 277 2065 347; baseline 0.001 -3"><span class='ocrx_word' id='word_1_1' title='bbox 589 277 722 345; x_wconf 83' lang='lat'>538</span> <span class='ocrx_word' id='word_1_2' title='bbox 1454 280 1640 346; x_wconf 86' lang='lat' dir='ltr'>Anno</span> <span class='ocrx_word' id='word_1_3' title='bbox 1692 280 1864 347; x_wconf 83' lang='lat'>1534</span> <span class='ocrx_word' id='word_1_4' title='bbox 1908 283 2065 346; x_wconf 86' lang='lat' dir='ltr'>acta.</span> 
     </span>
    </p>
   </div>
   <div class='ocr_carea' id='block_1_2' title="bbox 582 455 2950 2347">
    <p class='ocr_par' dir='ltr' id='par_1_2' title="bbox 584 455 2950 1818">
     <span class='ocr_line' id='line_1_2' title="bbox 589 455 2950 544; baseline 0.002 -24"><span class='ocrx_word' id='word_1_5' title='bbox 589 455 927 539; x_wconf 89' lang='lat' dir='ltr'>perizoniis</span> <span class='ocrx_word' id='word_1_6' title='bbox 976 455 1356 540; x_wconf 77' lang='lat' dir='ltr'>stragulisve</span> <span class='ocrx_word' id='word_1_7' title='bbox 1403 457 1719 522; x_wconf 85' lang='lat' dir='ltr'>involutos</span> <span class='ocrx_word' id='word_1_8' title='bbox 1765 457 1834 521; x_wconf 91' lang='lat' dir='ltr'>in</span> <span class='ocrx_word' id='word_1_9' title='bbox 1875 458 2037 540; x_wconf 82' lang='lat' dir='ltr'>nive,</span> <span class='ocrx_word' id='word_1_10' title='bbox 2087 458 2323 542; x_wconf 83' lang='lat' dir='ltr'>pluvia,</span> <span class='ocrx_word' id='word_1_11' title='bbox 2374 458 2609 543; x_wconf 82' lang='lat' dir='ltr'>frigore</span> <span class='ocrx_word' id='word_1_12' title='bbox 2642 461 2950 544; x_wconf 84' lang='lat' dir='ltr'>ventoque</span> 
     </span>
     <span class='ocr_line' id='line_1_3' title="bbox 590 562 2948 648; baseline 0.001 -21"><span class='ocrx_word' id='word_1_13' title='bbox 590 562 816 628; x_wconf 89' lang='lat' dir='ltr'>solatio</span> <span class='ocrx_word' id='word_1_14' title='bbox 863 562 1138 628; x_wconf 89' lang='lat' dir='ltr'>humano</span> <span class='ocrx_word' id='word_1_15' title='bbox 1185 562 1527 627; x_wconf 89' lang='lat' dir='ltr'>destitutae</span> <span class='ocrx_word' id='word_1_16' title='bbox 1572 563 1643 628; x_wconf 92' lang='lat' dir='ltr'>in</span> <span class='ocrx_word' id='word_1_17' title='bbox 1681 563 1827 628; x_wconf 92' lang='lat' dir='ltr'>sinu</span> <span class='ocrx_word' id='word_1_18' title='bbox 1872 565 2260 648; x_wconf 77' lang='lat' dir='ltr'>gestaverint</span> <span class='ocrx_word' id='word_1_19' title='bbox 2304 566 2437 630; x_wconf 92' lang='lat' dir='ltr'>tam</span> <span class='ocrx_word' id='word_1_20' title='bbox 2484 565 2560 630; x_wconf 91' lang='lat' dir='ltr'>de</span> <span class='ocrx_word' id='word_1_21' title='bbox 2590 566 2948 648; x_wconf 84' lang='lat' dir='ltr'>vespertino</span> 
     </span>
     <span class='ocr_line' id='line_1_4' title="bbox 588 668 2948 755; baseline 0.002 -23"><span class='ocrx_word' id='word_1_22' title='bbox 588 668 870 751; x_wconf 91' lang='lat' dir='ltr'>hospitio</span> <span class='ocrx_word' id='word_1_23' title='bbox 901 688 1114 752; x_wconf 88' lang='lat' dir='ltr'>quam,</span> <span class='ocrx_word' id='word_1_24' title='bbox 1165 669 1331 734; x_wconf 88' lang='lat' dir='ltr'>unde</span> <span class='ocrx_word' id='word_1_25' title='bbox 1377 669 1680 752; x_wconf 83' lang='lat' dir='ltr'>viverent,</span> <span class='ocrx_word' id='word_1_26' title='bbox 1730 668 2024 753; x_wconf 90' lang='lat' dir='ltr'>incertae,</span> <span class='ocrx_word' id='word_1_27' title='bbox 2073 690 2218 735; x_wconf 90' lang='lat' dir='ltr'>cum</span> <span class='ocrx_word' id='word_1_28' title='bbox 2263 674 2514 755; x_wconf 87' lang='lat' dir='ltr'>praeter</span> <span class='ocrx_word' id='word_1_29' title='bbox 2556 671 2804 736; x_wconf 88' lang='lat' dir='ltr'>nudum</span> <span class='ocrx_word' id='word_1_30' title='bbox 2848 671 2948 736; x_wconf 92' lang='lat' dir='ltr'>in-</span> 
     </span>
     <span class='ocr_line' id='line_1_5' title="bbox 588 776 2949 861; baseline -0 -19"><span class='ocrx_word' id='word_1_31' title='bbox 588 776 827 842; x_wconf 89' lang='lat' dir='ltr'>fantem</span> <span class='ocrx_word' id='word_1_32' title='bbox 873 796 951 841; x_wconf 91' lang='lat' dir='ltr'>ne</span> <span class='ocrx_word' id='word_1_33' title='bbox 999 777 1357 843; x_wconf 77' lang='lat' dir='ltr'>teruncium</span> <span class='ocrx_word' id='word_1_34' title='bbox 1419 777 1675 861; x_wconf 89' lang='lat' dir='ltr'>quidem</span> <span class='ocrx_word' id='word_1_35' title='bbox 1745 778 2099 845; x_wconf 72' lang='lat' dir='ltr'>habuerint.</span> <span class='ocrx_word' id='word_1_36' title='bbox 2195 779 2483 861; x_wconf 83' lang='lat' dir='ltr'>Quantus</span> <span class='ocrx_word' id='word_1_37' title='bbox 2532 780 2686 843; x_wconf 91' lang='lat' dir='ltr'>tunc</span> <span class='ocrx_word' id='word_1_38' title='bbox 2753 777 2949 842; x_wconf 88' lang='lat' dir='ltr'>fuerit</span> 
     </span>
     <span class='ocr_line' id='line_1_6' title="bbox 587 879 2947 968; baseline 0 -21"><span class='ocrx_word' id='word_1_39' title='bbox 587 883 657 948; x_wconf 92' lang='lat' dir='ltr'>in</span> <span class='ocrx_word' id='word_1_40' title='bbox 703 883 858 948; x_wconf 93' lang='lat' dir='ltr'>urbe</span> <span class='ocrx_word' id='word_1_41' title='bbox 906 884 1159 966; x_wconf 89' lang='lat' dir='ltr'>clamor,</span> <span class='ocrx_word' id='word_1_42' title='bbox 1220 887 1493 967; x_wconf 88' lang='lat' dir='ltr'>quantus</span> <span class='ocrx_word' id='word_1_43' title='bbox 1541 903 1860 950; x_wconf 89' lang='lat' dir='ltr'>armorum</span> <span class='ocrx_word' id='word_1_44' title='bbox 1924 885 2150 968; x_wconf 88' lang='lat' dir='ltr'>fragor,</span> <span class='ocrx_word' id='word_1_45' title='bbox 2202 879 2475 968; x_wconf 78' lang='lat' dir='ltr'>quantus</span> <span class='ocrx_word' id='word_1_46' title='bbox 2544 883 2947 967; x_wconf 89' lang='lat' dir='ltr'>pulsatarum</span> 
     </span>
     <span class='ocr_line' id='line_1_7' title="bbox 587 988 2945 1074; baseline 0 -21"><span class='ocrx_word' id='word_1_47' title='bbox 587 988 840 1053; x_wconf 90' lang='lat' dir='ltr'>aedium</span> <span class='ocrx_word' id='word_1_48' title='bbox 870 990 1135 1072; x_wconf 89' lang='lat' dir='ltr'>sonitus,</span> <span class='ocrx_word' id='word_1_49' title='bbox 1186 995 1458 1074; x_wconf 90' lang='lat' dir='ltr'>quantus</span> <span class='ocrx_word' id='word_1_50' title='bbox 1504 1008 1848 1073; x_wconf 87' lang='lat' dir='ltr'>puerorum</span> <span class='ocrx_word' id='word_1_51' title='bbox 1879 992 1944 1055; x_wconf 93' lang='lat' dir='ltr'>et</span> <span class='ocrx_word' id='word_1_52' title='bbox 1987 990 2365 1055; x_wconf 85' lang='lat' dir='ltr'>feminarum</span> <span class='ocrx_word' id='word_1_53' title='bbox 2411 991 2619 1072; x_wconf 78' lang='grc'><strong>1101110,</strong></span> <span class='ocrx_word' id='word_1_54' title='bbox 2670 991 2945 1073; x_wconf 82' lang='lat' dir='ltr'>quantus</span> 
     </span>
     <span class='ocr_line' id='line_1_8' title="bbox 587 1094 2946 1180; baseline 0.001 -21"><span class='ocrx_word' id='word_1_55' title='bbox 587 1094 879 1178; x_wconf 90' lang='lat' dir='ltr'>eiulatus,</span> <span class='ocrx_word' id='word_1_56' title='bbox 932 1098 1207 1180; x_wconf 86' lang='lat' dir='ltr'>quantus</span> <span class='ocrx_word' id='word_1_57' title='bbox 1254 1097 1539 1179; x_wconf 77' lang='lat' dir='ltr'>ploratus</span> <span class='ocrx_word' id='word_1_58' title='bbox 1573 1095 1929 1180; x_wconf 89' lang='lat' dir='ltr'>quantaque</span> <span class='ocrx_word' id='word_1_59' title='bbox 1963 1096 2353 1179; x_wconf 88' lang='lat' dir='ltr'>querimonia</span> <span class='ocrx_word' id='word_1_60' title='bbox 2398 1096 2818 1180; x_wconf 87' lang='lat' dir='ltr'>anabaptistis</span> <span class='ocrx_word' id='word_1_61' title='bbox 2855 1096 2946 1161; x_wconf 88' lang='lat' dir='ltr'>ri-</span> 
     </span>
     <span class='ocr_line' id='line_1_9' title="bbox 587 1200 2946 1287; baseline 0.001 -23"><span class='ocrx_word' id='word_1_62' title='bbox 587 1200 902 1284; x_wconf 89' lang='lat' dir='ltr'>dentibus,</span> <span class='ocrx_word' id='word_1_63' title='bbox 953 1221 1154 1285; x_wconf 89' lang='lat' dir='ltr'>neque</span> <span class='ocrx_word' id='word_1_64' title='bbox 1186 1220 1333 1267; x_wconf 85' lang='lat' dir='ltr'>voce</span> <span class='ocrx_word' id='word_1_65' title='bbox 1364 1222 1564 1286; x_wconf 90' lang='lat' dir='ltr'>neque</span> <span class='ocrx_word' id='word_1_66' title='bbox 1597 1203 1852 1285; x_wconf 89' lang='lat' dir='ltr'>scriptis</span> <span class='ocrx_word' id='word_1_67' title='bbox 1885 1222 1922 1267; x_wconf 90' lang='lat' dir='ltr'>a</span> <span class='ocrx_word' id='word_1_68' title='bbox 1950 1222 2054 1287; x_wconf 84' lang='lat' dir='ltr'>me</span> <span class='ocrx_word' id='word_1_69' title='bbox 2081 1203 2345 1286; x_wconf 84' lang='lat' dir='ltr'>exprimi</span> <span class='ocrx_word' id='word_1_70' title='bbox 2390 1204 2618 1286; x_wconf 83' lang='lat' dir='ltr'>potest.</span> <span class='ocrx_word' id='word_1_71' title='bbox 2679 1203 2731 1268; x_wconf 93' lang='grc' dir='ltr'>Ο</span> <span class='ocrx_word' id='word_1_72' title='bbox 2761 1221 2946 1285; x_wconf 90' lang='lat' dir='ltr'>prae-</span> 
     </span>
     <span class='ocr_line' id='line_1_10' title="bbox 586 1307 2943 1392; baseline 0 -21"><span class='ocrx_word' id='word_1_73' title='bbox 586 1307 755 1373; x_wconf 90' lang='lat' dir='ltr'>clara</span> <span class='ocrx_word' id='word_1_74' title='bbox 804 1308 1384 1391; x_wconf 89' lang='lat' dir='ltr'>Westphalicarum</span> <span class='ocrx_word' id='word_1_75' title='bbox 1446 1309 1706 1373; x_wconf 91' lang='lat' dir='ltr'>urbium</span> <span class='ocrx_word' id='word_1_76' title='bbox 1771 1309 2164 1392; x_wconf 86' lang='lat' dir='ltr'>metropolis,</span> <span class='ocrx_word' id='word_1_77' title='bbox 2234 1310 2482 1374; x_wconf 86' lang='lat' dir='ltr'>utinam</span> <span class='ocrx_word' id='word_1_78' title='bbox 2550 1307 2943 1373; x_wconf 84' lang='lat' dir='ltr'>miserrimae</span> 
     </span>
     <span class='ocr_line' id='line_1_11' title="bbox 585 1413 2944 1499; baseline 0 -22"><span class='ocrx_word' id='word_1_79' title='bbox 585 1413 780 1479; x_wconf 91' lang='lat' dir='ltr'>huius</span> <span class='ocrx_word' id='word_1_80' title='bbox 827 1414 1193 1480; x_wconf 87' lang='lat' dir='ltr'>afflictionis</span> <span class='ocrx_word' id='word_1_81' title='bbox 1227 1417 1292 1480; x_wconf 91' lang='lat' dir='ltr'>et</span> <span class='ocrx_word' id='word_1_82' title='bbox 1337 1415 1510 1480; x_wconf 87' lang='lat' dir='ltr'>exilii</span> <span class='ocrx_word' id='word_1_83' title='bbox 1542 1435 1797 1480; x_wconf 88' lang='lat' dir='ltr'>causam</span> <span class='ocrx_word' id='word_1_84' title='bbox 1843 1434 2237 1499; x_wconf 87' lang='lat' dir='ltr'>agnosceres;</span> <span class='ocrx_word' id='word_1_85' title='bbox 2289 1416 2423 1480; x_wconf 91' lang='lat' dir='ltr'>sine</span> <span class='ocrx_word' id='word_1_86' title='bbox 2464 1414 2658 1479; x_wconf 92' lang='lat' dir='ltr'>dubio</span> <span class='ocrx_word' id='word_1_87' title='bbox 2706 1414 2944 1478; x_wconf 88' lang='lat' dir='ltr'>fastum</span> 
     </span>
     <span class='ocr_line' id='line_1_12' title="bbox 585 1520 2948 1605; baseline -0 -21"><span class='ocrx_word' id='word_1_88' title='bbox 585 1520 930 1604; x_wconf 83' lang='lat' dir='ltr'>luxumque</span> <span class='ocrx_word' id='word_1_89' title='bbox 977 1521 1351 1587; x_wconf 89' lang='lat' dir='ltr'>aversareris</span> <span class='ocrx_word' id='word_1_90' title='bbox 1397 1540 1598 1604; x_wconf 91' lang='lat' dir='ltr'>neque</span> <span class='ocrx_word' id='word_1_91' title='bbox 1647 1522 1823 1586; x_wconf 89' lang='lat' dir='ltr'>tanto</span> <span class='ocrx_word' id='word_1_92' title='bbox 1870 1520 2080 1586; x_wconf 89' lang='lat' dir='ltr'>studio</span> <span class='ocrx_word' id='word_1_93' title='bbox 2126 1520 2615 1605; x_wconf 82' lang='lat' dir='ltr'>tranquillitatis</span> <span class='ocrx_word' id='word_1_94' title='bbox 2660 1521 2948 1603; x_wconf 87' lang='lat' dir='ltr'>pertaesa</span> 
     </span>
     <span class='ocr_line' id='line_1_13' title="bbox 584 1626 2945 1712; baseline 0.001 -22"><span class='ocrx_word' id='word_1_95' title='bbox 584 1626 654 1691; x_wconf 93' lang='lat' dir='ltr'>in</span> <span class='ocrx_word' id='word_1_96' title='bbox 700 1628 799 1691; x_wconf 83' lang='lat' dir='ltr'>tui</span> <span class='ocrx_word' id='word_1_97' title='bbox 844 1627 1047 1711; x_wconf 90' lang='lat' dir='ltr'>ipsius</span> <span class='ocrx_word' id='word_1_98' title='bbox 1094 1627 1439 1712; x_wconf 90' lang='lat' dir='ltr'>perniciem</span> <span class='ocrx_word' id='word_1_99' title='bbox 1485 1646 1791 1692; x_wconf 87' lang='lat' dir='ltr'>novorum</span> <span class='ocrx_word' id='word_1_100' title='bbox 1851 1630 2141 1692; x_wconf 88' lang='lat' dir='ltr'>motuum</span> <span class='ocrx_word' id='word_1_101' title='bbox 2189 1628 2472 1691; x_wconf 86' lang='lat' dir='ltr'>veterum</span> <span class='ocrx_word' id='word_1_102' title='bbox 2519 1626 2719 1691; x_wconf 88' lang='lat' dir='ltr'>oblita</span> <span class='ocrx_word' id='word_1_103' title='bbox 2764 1644 2945 1692; x_wconf 81' lang='lat' dir='ltr'>occa-</span> 
     </span>
     <span class='ocr_line' id='line_1_14' title="bbox 586 1733 1201 1818; baseline 0.008 -22"><span class='ocrx_word' id='word_1_104' title='bbox 586 1733 791 1798; x_wconf 89' lang='lat' dir='ltr'>siones</span> <span class='ocrx_word' id='word_1_105' title='bbox 838 1736 1201 1818; x_wconf 86' lang='lat' dir='ltr'>quaereres!</span> 
     </span>
    </p>

    <p class='ocr_par' dir='ltr' id='par_1_3' title="bbox 582 1839 2943 2347">
     <span class='ocr_line' id='line_1_15' title="bbox 799 1839 2942 1925; baseline 0.001 -21"><span class='ocrx_word' id='word_1_106' title='bbox 799 1839 1110 1905; x_wconf 91' lang='lat' dir='ltr'>Omnibus</span> <span class='ocrx_word' id='word_1_107' title='bbox 1156 1842 1356 1924; x_wconf 87' lang='lat' dir='ltr'>portis</span> <span class='ocrx_word' id='word_1_108' title='bbox 1402 1842 1779 1925; x_wconf 88' lang='lat' dir='ltr'>urgentibus</span> <span class='ocrx_word' id='word_1_109' title='bbox 1827 1843 1891 1906; x_wconf 90' lang='lat' dir='ltr'>et</span> <span class='ocrx_word' id='word_1_110' title='bbox 1936 1840 2323 1906; x_wconf 88' lang='lat' dir='ltr'>instantibus</span> <span class='ocrx_word' id='word_1_111' title='bbox 2354 1861 2391 1906; x_wconf 87' lang='lat' dir='ltr'>a</span> <span class='ocrx_word' id='word_1_112' title='bbox 2422 1842 2600 1924; x_wconf 91' lang='lat' dir='ltr'>tergo</span> <span class='ocrx_word' id='word_1_113' title='bbox 2645 1839 2942 1906; x_wconf 84' lang='lat' dir='ltr'>retinetis</span> 
     </span>
     <span class='ocr_line' id='line_1_16' title="bbox 583 1945 2943 2030; baseline 0 -21"><span class='ocrx_word' id='word_1_114' title='bbox 583 1945 897 2029; x_wconf 86' lang='lat' dir='ltr'>gregatim</span> <span class='ocrx_word' id='word_1_115' title='bbox 942 1946 1327 2012; x_wconf 82' lang='lat' dir='ltr'>effundimur</span> <span class='ocrx_word' id='word_1_116' title='bbox 1373 1950 1560 2030; x_wconf 88' lang='lat' dir='ltr'>atque</span> <span class='ocrx_word' id='word_1_117' title='bbox 1605 1948 1674 2010; x_wconf 92' lang='lat' dir='ltr'>in</span> <span class='ocrx_word' id='word_1_118' title='bbox 1704 1946 1882 2012; x_wconf 89' lang='lat' dir='ltr'>mille</span> <span class='ocrx_word' id='word_1_119' title='bbox 1927 1947 2060 2011; x_wconf 84' lang='lat' dir='ltr'>vias</span> <span class='ocrx_word' id='word_1_120' title='bbox 2106 1946 2332 2011; x_wconf 89' lang='lat' dir='ltr'>mundi</span> <span class='ocrx_word' id='word_1_121' title='bbox 2379 1967 2492 2030; x_wconf 90' lang='lat' dir='ltr'>per</span> <span class='ocrx_word' id='word_1_122' title='bbox 2535 1947 2749 2011; x_wconf 77' lang='lat' dir='ltr'>nivem</span> <span class='ocrx_word' id='word_1_123' title='bbox 2793 1946 2943 2029; x_wconf 90' lang='lat' dir='ltr'>plu-</span> 
     </span>
     <span class='ocr_line' id='line_1_17' title="bbox 582 2050 2941 2137; baseline 0 -22"><span class='ocrx_word' id='word_1_124' title='bbox 582 2050 874 2134; x_wconf 84' lang='lat' dir='ltr'>viamque</span> <span class='ocrx_word' id='word_1_125' title='bbox 923 2053 1301 2136; x_wconf 86' lang='lat' dir='ltr'>spargimur,</span> <span class='ocrx_word' id='word_1_126' title='bbox 1350 2056 1569 2119; x_wconf 66' lang='grc' dir='ltr'><strong>10111οο</strong></span> <span class='ocrx_word' id='word_1_127' title='bbox 1617 2055 1681 2118; x_wconf 84' lang='grc'>01</span> <span class='ocrx_word' id='word_1_128' title='bbox 1726 2052 1962 2137; x_wconf 87' lang='lat' dir='ltr'>frigora</span> <span class='ocrx_word' id='word_1_129' title='bbox 2027 2054 2325 2136; x_wconf 87' lang='lat' dir='ltr'>patimur.</span> <span class='ocrx_word' id='word_1_130' title='bbox 2417 2051 2777 2134; x_wconf 82' lang='lat' dir='ltr'>FabriciuS,</span> <span class='ocrx_word' id='word_1_131' title='bbox 2828 2052 2941 2135; x_wconf 87' lang='lat' dir='ltr'>qui</span> 
     </span>
     <span class='ocr_line' id='line_1_18' title="bbox 582 2157 2940 2242; baseline 0 -21"><span class='ocrx_word' id='word_1_132' title='bbox 582 2157 819 2222; x_wconf 89' lang='lat' dir='ltr'>multos</span> <span class='ocrx_word' id='word_1_133' title='bbox 868 2157 1273 2223; x_wconf 83' lang='lat' dir='ltr'>concionibus</span> <span class='ocrx_word' id='word_1_134' title='bbox 1309 2159 1439 2223; x_wconf 91' lang='lat' dir='ltr'>suis</span> <span class='ocrx_word' id='word_1_135' title='bbox 1472 2160 1550 2224; x_wconf 90' lang='lat' dir='ltr'>ab</span> <span class='ocrx_word' id='word_1_136' title='bbox 1583 2159 2019 2242; x_wconf 81' lang='lat' dir='ltr'>anabaptismo</span> <span class='ocrx_word' id='word_1_137' title='bbox 2064 2161 2426 2241; x_wconf 82' lang='lat' dir='ltr'>retraxerat,</span> <span class='ocrx_word' id='word_1_138' title='bbox 2473 2177 2700 2224; x_wconf 89' lang='lat' dir='ltr'>manus</span> <span class='ocrx_word' id='word_1_139' title='bbox 2732 2157 2940 2222; x_wconf 91' lang='lat' dir='ltr'>infen-</span> 
     </span>
     <span class='ocr_line' id='line_1_19' title="bbox 582 2263 2938 2347; baseline 0 -20"><span class='ocrx_word' id='word_1_140' title='bbox 582 2281 796 2328; x_wconf 90' lang='lat' dir='ltr'>sorum</span> <span class='ocrx_word' id='word_1_141' title='bbox 843 2263 967 2328; x_wconf 87' lang='lat' dir='ltr'>sibi</span> <span class='ocrx_word' id='word_1_142' title='bbox 1012 2264 1426 2329; x_wconf 91' lang='lat' dir='ltr'>retinctorum</span> <span class='ocrx_word' id='word_1_143' title='bbox 1471 2266 1737 2330; x_wconf 87' lang='lat' dir='ltr'>mutatis</span> <span class='ocrx_word' id='word_1_144' title='bbox 1782 2265 2064 2330; x_wconf 86' lang='lat' dir='ltr'>vestibus</span> <span class='ocrx_word' id='word_1_145' title='bbox 2112 2266 2217 2330; x_wconf 81' lang='lat' dir='ltr'>vix</span> <span class='ocrx_word' id='word_1_146' title='bbox 2247 2266 2431 2331; x_wconf 87' lang='lat' dir='ltr'>vivus</span> <span class='ocrx_word' id='word_1_147' title='bbox 2477 2265 2728 2347; x_wconf 89' lang='lat' dir='ltr'>elapsus</span> <span class='ocrx_word' id='word_1_148' title='bbox 2777 2265 2873 2328; x_wconf 90' lang='lat' dir='ltr'>est</span> <span class='ocrx_word' id='word_1_149' title='bbox 2895 2266 2938 2328; x_wconf 83' lang='lat'>¹.</span> 
     </span>
    </p>
   </div>
   <div class='ocr_carea' id='block_1_3' title="bbox 589 2406 1014 2417">
    <p class='ocr_par' dir='ltr' id='par_1_4' title="bbox 589 2406 1014 2417">
     <span class='ocr_line' id='line_1_20' title="bbox 589 2406 1014 2417; baseline 0 0"><span class='ocrx_word' id='word_1_150' title='bbox 589 2406 1014 2417; x_wconf 95' lang='lat' dir='ltr'> </span> 
     </span>
    </p>
   </div>
   <div class='ocr_carea' id='block_1_4' title="bbox 570 2491 2942 4423">
    <p class='ocr_par' dir='ltr' id='par_1_5' title="bbox 570 2491 2942 2829">
     <span class='ocr_line' id='line_1_21' title="bbox 581 2491 2939 2565; baseline 0 -19"><span class='ocrx_word' id='word_1_151' title='bbox 581 2491 724 2548; x_wconf 85' lang='lat' dir='ltr'>doits</span> <span class='ocrx_word' id='word_1_152' title='bbox 762 2492 920 2548; x_wconf 84' lang='lat' dir='ltr'>noith</span> <span class='ocrx_word' id='word_1_153' title='bbox 956 2493 1272 2564; x_wconf 85' lang='lat' dir='ltr'>gekommen</span> <span class='ocrx_word' id='word_1_154' title='bbox 1311 2493 1423 2548; x_wconf 91' lang='lat' dir='ltr'>und</span> <span class='ocrx_word' id='word_1_155' title='bbox 1460 2496 1787 2565; x_wconf 86' lang='lat' dir='ltr'>verstorven,</span> <span class='ocrx_word' id='word_1_156' title='bbox 1834 2493 2215 2550; x_wconf 90' lang='lat' dir='ltr'>ellendichlich</span> <span class='ocrx_word' id='word_1_157' title='bbox 2251 2493 2589 2550; x_wconf 79' lang='lat' dir='ltr'>verdreven.“</span> <span class='ocrx_word' id='word_1_158' title='bbox 2656 2491 2813 2548; x_wconf 88' lang='lat' dir='ltr'>Auch</span> <span class='ocrx_word' id='word_1_159' title='bbox 2846 2492 2939 2547; x_wconf 89' lang='lat' dir='ltr'>bei</span> 
     </span>
     <span class='ocr_line' id='line_1_22' title="bbox 578 2580 2937 2653; baseline 0.001 -19"><span class='ocrx_word' id='word_1_160' title='bbox 578 2580 648 2637; x_wconf 91' lang='grc' dir='ltr'>Η.</span> <span class='ocrx_word' id='word_1_161' title='bbox 686 2582 862 2652; x_wconf 91' lang='lat' dir='ltr'>Dorp</span> <span class='ocrx_word' id='word_1_162' title='bbox 901 2600 949 2636; x_wconf 88' lang='lat' dir='ltr'>a.</span> <span class='ocrx_word' id='word_1_163' title='bbox 976 2599 1025 2637; x_wconf 87' lang='lat' dir='ltr'>a.</span> <span class='ocrx_word' id='word_1_164' title='bbox 1054 2582 1116 2637; x_wconf 93' lang='lat' dir='ltr'>O.</span> <span class='ocrx_word' id='word_1_165' title='bbox 1156 2582 1441 2653; x_wconf 88' lang='lat' dir='ltr'>geschieht</span> <span class='ocrx_word' id='word_1_166' title='bbox 1476 2583 1564 2637; x_wconf 91' lang='lat' dir='ltr'>die</span> <span class='ocrx_word' id='word_1_167' title='bbox 1601 2584 1968 2653; x_wconf 74' lang='lat' dir='ltr'>verti-eibung</span> <span class='ocrx_word' id='word_1_168' title='bbox 2009 2601 2109 2649; x_wconf 89' lang='lat' dir='ltr'>„on</span> <span class='ocrx_word' id='word_1_169' title='bbox 2147 2583 2254 2638; x_wconf 85' lang='lat' dir='ltr'>alle</span> <span class='ocrx_word' id='word_1_170' title='bbox 2292 2583 2499 2637; x_wconf 79' lang='lat' dir='ltr'>schewe</span> <span class='ocrx_word' id='word_1_171' title='bbox 2537 2584 2712 2653; x_wconf 85' lang='lat' dir='ltr'>einigs</span> <span class='ocrx_word' id='word_1_172' title='bbox 2750 2581 2937 2645; x_wconf 81' lang='lat' dir='ltr'>alters,</span> 
     </span>
     <span class='ocr_line' id='line_1_23' title="bbox 570 2669 2942 2742; baseline 0.001 -20"><span class='ocrx_word' id='word_1_173' title='bbox 570 2670 637 2740; x_wconf 74' lang='lat' dir='ltr'>Ja</span> <span class='ocrx_word' id='word_1_174' title='bbox 673 2669 811 2723; x_wconf 90' lang='lat' dir='ltr'>auch</span> <span class='ocrx_word' id='word_1_175' title='bbox 849 2671 1164 2742; x_wconf 82' lang='lat' dir='ltr'>schwanger</span> <span class='ocrx_word' id='word_1_176' title='bbox 1200 2671 1429 2740; x_wconf 79' lang='lat' dir='ltr'>frawen,</span> <span class='ocrx_word' id='word_1_177' title='bbox 1487 2671 1650 2726; x_wconf 90' lang='lat' dir='ltr'>deren</span> <span class='ocrx_word' id='word_1_178' title='bbox 1688 2672 1907 2740; x_wconf 87' lang='lat' dir='ltr'>etliche,</span> <span class='ocrx_word' id='word_1_179' title='bbox 1963 2673 2062 2725; x_wconf 90' lang='grc'><strong>0110</strong></span> <span class='ocrx_word' id='word_1_180' title='bbox 2100 2673 2179 2726; x_wconf 91' lang='grc'>010</span> <span class='ocrx_word' id='word_1_181' title='bbox 2215 2672 2370 2726; x_wconf 88' lang='lat' dir='ltr'>recht</span> <span class='ocrx_word' id='word_1_182' title='bbox 2419 2688 2541 2725; x_wconf 85' lang='lat' dir='ltr'>zum</span> <span class='ocrx_word' id='word_1_183' title='bbox 2578 2670 2705 2725; x_wconf 92' lang='lat' dir='ltr'>thor</span> <span class='ocrx_word' id='word_1_184' title='bbox 2740 2670 2942 2725; x_wconf 84' lang='lat' dir='ltr'>hinaus</span> 
     </span>
     <span class='ocr_line' id='line_1_24' title="bbox 578 2758 2086 2829; baseline 0.001 -18"><span class='ocrx_word' id='word_1_185' title='bbox 578 2758 789 2827; x_wconf 84' lang='lat' dir='ltr'>kamen,</span> <span class='ocrx_word' id='word_1_186' title='bbox 827 2759 1061 2814; x_wconf 86' lang='lat' dir='ltr'>schaden</span> <span class='ocrx_word' id='word_1_187' title='bbox 1101 2777 1173 2814; x_wconf 89' lang='lat' dir='ltr'>an</span> <span class='ocrx_word' id='word_1_188' title='bbox 1210 2761 1326 2829; x_wconf 76' lang='lat' dir='ltr'>Jrer</span> <span class='ocrx_word' id='word_1_189' title='bbox 1361 2759 1547 2814; x_wconf 85' lang='lat' dir='ltr'>frucht</span> <span class='ocrx_word' id='word_1_190' title='bbox 1584 2760 1822 2814; x_wconf 90' lang='lat' dir='ltr'>erlieden</span> <span class='ocrx_word' id='word_1_191' title='bbox 1859 2760 2086 2814; x_wconf 87' lang='lat' dir='ltr'>haben.“</span> 
     </span>
    </p>

    <p class='ocr_par' dir='ltr' id='par_1_6' title="bbox 570 2847 2937 4423">
     <span class='ocr_line' id='line_1_25' title="bbox 758 2847 2933 2919; baseline 0 -17"><span class='ocrx_word' id='word_1_192' title='bbox 758 2848 799 2916; x_wconf 90' lang='lat'>¹)</span> <span class='ocrx_word' id='word_1_193' title='bbox 836 2849 1118 2904; x_wconf 86' lang='lat' dir='ltr'>Fabricius</span> <span class='ocrx_word' id='word_1_194' title='bbox 1155 2850 1312 2919; x_wconf 87' lang='lat' dir='ltr'>giebt</span> <span class='ocrx_word' id='word_1_195' title='bbox 1340 2850 1398 2902; x_wconf 92' lang='grc'>111</span> <span class='ocrx_word' id='word_1_196' title='bbox 1424 2850 1602 2903; x_wconf 88' lang='grc'><strong>0011101</strong></span> <span class='ocrx_word' id='word_1_197' title='bbox 1626 2848 2129 2918; x_wconf 85' lang='lat' dir='ltr'>Selbstbiographie</span> <span class='ocrx_word' id='word_1_198' title='bbox 2167 2847 2566 2917; x_wconf 88' lang='lat' dir='ltr'>(„Bibliotheca</span> <span class='ocrx_word' id='word_1_199' title='bbox 2590 2848 2933 2903; x_wconf 84' lang='lat' dir='ltr'>Bremensis“</span> 
     </span>
     <span class='ocr_line' id='line_1_26' title="bbox 577 2934 2937 3007; baseline 0 -17"><span class='ocrx_word' id='word_1_200' title='bbox 577 2934 782 2991; x_wconf 83' lang='lat' dir='ltr'>Classis</span> <span class='ocrx_word' id='word_1_201' title='bbox 817 2937 853 2990; x_wconf 82' lang='lat'>4</span> <span class='ocrx_word' id='word_1_202' title='bbox 893 2937 1023 2993; x_wconf 88' lang='lat' dir='ltr'>fasc.</span> <span class='ocrx_word' id='word_1_203' title='bbox 1065 2938 1096 2993; x_wconf 92' lang='lat'>1</span> <span class='ocrx_word' id='word_1_204' title='bbox 1136 2937 1387 3007; x_wconf 90' lang='lat' dir='ltr'>[Bremae</span> <span class='ocrx_word' id='word_1_205' title='bbox 1428 2936 1586 3006; x_wconf 79' lang='lat'>1720]</span> <span class='ocrx_word' id='word_1_206' title='bbox 1636 2937 1690 2991; x_wconf 88' lang='lat' dir='ltr'>S.</span> <span class='ocrx_word' id='word_1_207' title='bbox 1731 2938 1818 3007; x_wconf 70' lang='lat'>78)</span> <span class='ocrx_word' id='word_1_208' title='bbox 1872 2936 2166 3006; x_wconf 75' lang='lat' dir='ltr'>folgenden</span> <span class='ocrx_word' id='word_1_209' title='bbox 2201 2936 2453 2991; x_wconf 89' lang='lat' dir='ltr'>Bericht:</span> <span class='ocrx_word' id='word_1_210' title='bbox 2498 2937 2773 3003; x_wconf 85' lang='lat' dir='ltr'>„Tandem</span> <span class='ocrx_word' id='word_1_211' title='bbox 2812 2952 2937 2991; x_wconf 90' lang='lat' dir='ltr'>cum</span> 
     </span>
     <span class='ocr_line' id='line_1_27' title="bbox 578 3024 2934 3095; baseline 0 -17"><span class='ocrx_word' id='word_1_212' title='bbox 578 3025 771 3093; x_wconf 91' lang='lat' dir='ltr'>optimi</span> <span class='ocrx_word' id='word_1_213' title='bbox 826 3027 1025 3095; x_wconf 89' lang='lat' dir='ltr'>quique</span> <span class='ocrx_word' id='word_1_214' title='bbox 1063 3044 1126 3081; x_wconf 81' lang='lat' dir='ltr'>ex</span> <span class='ocrx_word' id='word_1_215' title='bbox 1164 3043 1229 3080; x_wconf 87' lang='lat' dir='ltr'>ea</span> <span class='ocrx_word' id='word_1_216' title='bbox 1266 3027 1491 3080; x_wconf 78' lang='lat' dir='ltr'>civitate</span> <span class='ocrx_word' id='word_1_217' title='bbox 1545 3025 1630 3080; x_wconf 88' lang='lat' dir='ltr'>his</span> <span class='ocrx_word' id='word_1_218' title='bbox 1669 3025 1829 3080; x_wconf 89' lang='lat' dir='ltr'>malis</span> <span class='ocrx_word' id='word_1_219' title='bbox 1884 3025 2045 3079; x_wconf 88' lang='lat' dir='ltr'>fracti</span> <span class='ocrx_word' id='word_1_220' title='bbox 2083 3028 2182 3079; x_wconf 88' lang='lat' dir='ltr'>aut</span> <span class='ocrx_word' id='word_1_221' title='bbox 2216 3024 2362 3078; x_wconf 87' lang='lat' dir='ltr'>ultro</span> <span class='ocrx_word' id='word_1_222' title='bbox 2420 3024 2693 3095; x_wconf 84' lang='lat' dir='ltr'>fugissent</span> <span class='ocrx_word' id='word_1_223' title='bbox 2746 3030 2846 3079; x_wconf 87' lang='lat' dir='ltr'>aut</span> <span class='ocrx_word' id='word_1_224' title='bbox 2879 3027 2934 3079; x_wconf 77' lang='lat' dir='ltr'>vi</span> 
     </span>
     <span class='ocr_line' id='line_1_28' title="bbox 576 3113 2937 3185; baseline 0.001 -20"><span class='ocrx_word' id='word_1_225' title='bbox 576 3113 738 3166; x_wconf 82' lang='lat' dir='ltr'>eiecti</span> <span class='ocrx_word' id='word_1_226' title='bbox 776 3118 958 3167; x_wconf 88' lang='lat' dir='ltr'>essent</span> <span class='ocrx_word' id='word_1_227' title='bbox 994 3131 1202 3185; x_wconf 89' lang='lat' dir='ltr'>egoque</span> <span class='ocrx_word' id='word_1_228' title='bbox 1240 3118 1430 3169; x_wconf 90' lang='lat' dir='ltr'>contra</span> <span class='ocrx_word' id='word_1_229' title='bbox 1477 3114 1578 3168; x_wconf 89' lang='lat' dir='ltr'>hos</span> <span class='ocrx_word' id='word_1_230' title='bbox 1619 3115 1851 3168; x_wconf 84' lang='lat' dir='ltr'>furiosos</span> <span class='ocrx_word' id='word_1_231' title='bbox 1887 3113 2133 3167; x_wconf 90' lang='lat' dir='ltr'>homines</span> <span class='ocrx_word' id='word_1_232' title='bbox 2183 3130 2319 3183; x_wconf 88' lang='lat' dir='ltr'>pene</span> <span class='ocrx_word' id='word_1_233' title='bbox 2356 3113 2501 3167; x_wconf 89' lang='lat' dir='ltr'>solus</span> <span class='ocrx_word' id='word_1_234' title='bbox 2537 3115 2937 3182; x_wconf 83' lang='lat' dir='ltr'>remansissem,</span> 
     </span>
     <span class='ocr_line' id='line_1_29' title="bbox 574 3202 2937 3271; baseline 0.001 -17"><span class='ocrx_word' id='word_1_235' title='bbox 574 3216 663 3254; x_wconf 88' lang='lat' dir='ltr'>me</span> <span class='ocrx_word' id='word_1_236' title='bbox 699 3205 800 3255; x_wconf 87' lang='lat' dir='ltr'>aut</span> <span class='ocrx_word' id='word_1_237' title='bbox 834 3203 905 3256; x_wconf 87' lang='lat' dir='ltr'>ad</span> <span class='ocrx_word' id='word_1_238' title='bbox 954 3219 1140 3257; x_wconf 84' lang='lat' dir='ltr'>necem</span> <span class='ocrx_word' id='word_1_239' title='bbox 1196 3207 1294 3258; x_wconf 88' lang='lat' dir='ltr'>aut</span> <span class='ocrx_word' id='word_1_240' title='bbox 1330 3204 1400 3258; x_wconf 87' lang='lat' dir='ltr'>ad</span> <span class='ocrx_word' id='word_1_241' title='bbox 1454 3202 1583 3257; x_wconf 87' lang='lat' dir='ltr'>fidoi</span> <span class='ocrx_word' id='word_1_242' title='bbox 1621 3219 1773 3257; x_wconf 87' lang='lat' dir='ltr'>meae</span> <span class='ocrx_word' id='word_1_243' title='bbox 1828 3202 2175 3271; x_wconf 86' lang='lat' dir='ltr'>negationem</span> <span class='ocrx_word' id='word_1_244' title='bbox 2231 3203 2581 3271; x_wconf 86' lang='lat' dir='ltr'>quaesierunt</span> <span class='ocrx_word' id='word_1_245' title='bbox 2627 3219 2690 3256; x_wconf 89' lang='lat' dir='ltr'>ac</span> <span class='ocrx_word' id='word_1_246' title='bbox 2725 3219 2813 3256; x_wconf 90' lang='lat' dir='ltr'>me</span> <span class='ocrx_word' id='word_1_247' title='bbox 2848 3203 2937 3255; x_wconf 86' lang='lat' dir='ltr'>in—</span> 
     </span>
     <span class='ocr_line' id='line_1_30' title="bbox 573 3289 2937 3358; baseline 0.001 -16"><span class='ocrx_word' id='word_1_248' title='bbox 573 3293 796 3343; x_wconf 84' lang='lat' dir='ltr'>ventum</span> <span class='ocrx_word' id='word_1_249' title='bbox 832 3291 966 3344; x_wconf 88' lang='lat' dir='ltr'>satis</span> <span class='ocrx_word' id='word_1_250' title='bbox 1003 3291 1373 3345; x_wconf 78' lang='lat' dir='ltr'>inhumaniter</span> <span class='ocrx_word' id='word_1_251' title='bbox 1409 3293 1736 3345; x_wconf 82' lang='lat' dir='ltr'>tractarunt.</span> <span class='ocrx_word' id='word_1_252' title='bbox 1798 3290 2000 3345; x_wconf 84' lang='lat' dir='ltr'>Verum</span> <span class='ocrx_word' id='word_1_253' title='bbox 2037 3306 2159 3343; x_wconf 89' lang='lat' dir='ltr'>cum</span> <span class='ocrx_word' id='word_1_254' title='bbox 2198 3306 2285 3343; x_wconf 90' lang='lat' dir='ltr'>me</span> <span class='ocrx_word' id='word_1_255' title='bbox 2322 3290 2615 3344; x_wconf 85' lang='lat' dir='ltr'>infractum</span> <span class='ocrx_word' id='word_1_256' title='bbox 2649 3289 2937 3358; x_wconf 82' lang='lat' dir='ltr'>vidissent,</span> 
     </span>
     <span class='ocr_line' id='line_1_31' title="bbox 574 3378 2934 3449; baseline 0.001 -19"><span class='ocrx_word' id='word_1_257' title='bbox 574 3379 721 3433; x_wconf 81' lang='lat' dir='ltr'>vitae</span> <span class='ocrx_word' id='word_1_258' title='bbox 769 3395 922 3433; x_wconf 86' lang='grc'><strong>111000</strong></span> <span class='ocrx_word' id='word_1_259' title='bbox 977 3382 1262 3449; x_wconf 86' lang='lat' dir='ltr'>parcentes</span> <span class='ocrx_word' id='word_1_260' title='bbox 1301 3395 1364 3433; x_wconf 83' lang='lat' dir='ltr'>cx</span> <span class='ocrx_word' id='word_1_261' title='bbox 1413 3379 1545 3433; x_wconf 88' lang='lat' dir='ltr'>urbe</span> <span class='ocrx_word' id='word_1_262' title='bbox 1601 3379 1764 3449; x_wconf 90' lang='lat' dir='ltr'>plane</span> <span class='ocrx_word' id='word_1_263' title='bbox 1819 3379 2073 3432; x_wconf 88' lang='lat' dir='ltr'>miserum</span> <span class='ocrx_word' id='word_1_264' title='bbox 2127 3378 2416 3432; x_wconf 88' lang='lat' dir='ltr'>dimittunt</span> <span class='ocrx_word' id='word_1_265' title='bbox 2454 3418 2467 3431; x_wconf 90' lang='lat'><strong><em>.</em></strong></span> <span class='ocrx_word' id='word_1_266' title='bbox 2490 3419 2502 3431; x_wconf 93' lang='lat'>.</span> <span class='ocrx_word' id='word_1_267' title='bbox 2524 3419 2536 3432; x_wconf 89' lang='lat'>.</span> <span class='ocrx_word' id='word_1_268' title='bbox 2593 3379 2709 3449; x_wconf 85' lang='lat' dir='ltr'>Ego</span> <span class='ocrx_word' id='word_1_269' title='bbox 2748 3417 2762 3431; x_wconf 89' lang='lat'><strong>.</strong></span> <span class='ocrx_word' id='word_1_270' title='bbox 2785 3419 2797 3431; x_wconf 92' lang='lat'><strong>.</strong></span> <span class='ocrx_word' id='word_1_271' title='bbox 2819 3418 2832 3432; x_wconf 94' lang='lat'><strong>.</strong></span> <span class='ocrx_word' id='word_1_272' title='bbox 2872 3381 2934 3432; x_wconf 93' lang='lat' dir='ltr'>in</span> 
     </span>
     <span class='ocr_line' id='line_1_32' title="bbox 574 3464 2937 3523; baseline 0.001 -4"><span class='ocrx_word' id='word_1_273' title='bbox 574 3464 827 3521; x_wconf 86' lang='lat' dir='ltr'>Hassiam</span> <span class='ocrx_word' id='word_1_274' title='bbox 863 3466 1050 3522; x_wconf 86' lang='lat' dir='ltr'>redii.“</span> <span class='ocrx_word' id='word_1_275' title='bbox 1103 3466 1549 3522; x_wconf 76' lang='lat' dir='ltr'>Ausfiihrlichere</span> <span class='ocrx_word' id='word_1_276' title='bbox 1572 3466 1877 3521; x_wconf 82' lang='lat' dir='ltr'>Nachricht</span> <span class='ocrx_word' id='word_1_277' title='bbox 1912 3466 2057 3521; x_wconf 89' lang='lat' dir='ltr'>finde</span> <span class='ocrx_word' id='word_1_278' title='bbox 2084 3467 2173 3521; x_wconf 91' lang='lat' dir='ltr'>ich</span> <span class='ocrx_word' id='word_1_279' title='bbox 2209 3484 2314 3521; x_wconf 92' lang='lat' dir='ltr'>nur</span> <span class='ocrx_word' id='word_1_280' title='bbox 2348 3468 2437 3521; x_wconf 89' lang='lat' dir='ltr'>bei</span> <span class='ocrx_word' id='word_1_281' title='bbox 2472 3467 2534 3522; x_wconf 91' lang='lat' dir='ltr'>P.</span> <span class='ocrx_word' id='word_1_282' title='bbox 2561 3467 2937 3523; x_wconf 84' lang='lat' dir='ltr'>Plateanus</span> 
     </span>
     <span class='ocr_line' id='line_1_33' title="bbox 575 3554 2935 3623; baseline 0 -14"><span class='ocrx_word' id='word_1_283' title='bbox 575 3571 626 3609; x_wconf 81' lang='lat' dir='ltr'>a.</span> <span class='ocrx_word' id='word_1_284' title='bbox 653 3571 702 3610; x_wconf 86' lang='lat' dir='ltr'>a.</span> <span class='ocrx_word' id='word_1_285' title='bbox 728 3554 792 3610; x_wconf 92' lang='lat' dir='ltr'>O.</span> <span class='ocrx_word' id='word_1_286' title='bbox 865 3556 939 3610; x_wconf 87' lang='lat' dir='ltr'>Er</span> <span class='ocrx_word' id='word_1_287' title='bbox 973 3555 1211 3610; x_wconf 71' lang='lat' dir='ltr'>erzahlt:</span> <span class='ocrx_word' id='word_1_288' title='bbox 1256 3556 1523 3623; x_wconf 85' lang='lat' dir='ltr'>„Quidam</span> <span class='ocrx_word' id='word_1_289' title='bbox 1567 3572 1597 3610; x_wconf 88' lang='grc'>0</span> <span class='ocrx_word' id='word_1_290' title='bbox 1623 3555 1809 3610; x_wconf 84' lang='grc'><strong>0011010</strong></span> <span class='ocrx_word' id='word_1_291' title='bbox 1843 3558 2031 3610; x_wconf 83' lang='grc'><strong>1100110</strong></span> <span class='ocrx_word' id='word_1_292' title='bbox 2066 3554 2200 3609; x_wconf 88' lang='grc'><strong>111110</strong></span> <span class='ocrx_word' id='word_1_293' title='bbox 2223 3555 2493 3611; x_wconf 87' lang='lat' dir='ltr'>Hebraica</span> <span class='ocrx_word' id='word_1_294' title='bbox 2529 3556 2785 3612; x_wconf 88' lang='lat' dir='ltr'>docturus</span> <span class='ocrx_word' id='word_1_295' title='bbox 2812 3559 2935 3611; x_wconf 85' lang='lat' dir='ltr'>erat</span> 
     </span>
     <span class='ocr_line' id='line_1_34' title="bbox 573 3643 2936 3716; baseline 0.001 -19"><span class='ocrx_word' id='word_1_296' title='bbox 573 3645 788 3700; x_wconf 86' lang='lat' dir='ltr'>missus.</span> <span class='ocrx_word' id='word_1_297' title='bbox 860 3644 998 3698; x_wconf 89' lang='lat' dir='ltr'>Eum</span> <span class='ocrx_word' id='word_1_298' title='bbox 1032 3648 1250 3715; x_wconf 87' lang='lat' dir='ltr'>raptum</span> <span class='ocrx_word' id='word_1_299' title='bbox 1286 3646 1345 3699; x_wconf 91' lang='lat' dir='ltr'>in</span> <span class='ocrx_word' id='word_1_300' title='bbox 1381 3643 1559 3698; x_wconf 89' lang='lat' dir='ltr'>forum</span> <span class='ocrx_word' id='word_1_301' title='bbox 1597 3645 1958 3699; x_wconf 84' lang='lat' dir='ltr'>circumstetit</span> <span class='ocrx_word' id='word_1_302' title='bbox 1995 3645 2180 3698; x_wconf 88' lang='lat' dir='ltr'>concio</span> <span class='ocrx_word' id='word_1_303' title='bbox 2218 3644 2543 3703; x_wconf 84' lang='lat' dir='ltr'>furiosorum</span> <span class='ocrx_word' id='word_1_304' title='bbox 2580 3645 2769 3700; x_wconf 91' lang='lat' dir='ltr'>iubens</span> <span class='ocrx_word' id='word_1_305' title='bbox 2807 3663 2936 3716; x_wconf 85' lang='lat' dir='ltr'>pro-</span> 
     </span>
     <span class='ocr_line' id='line_1_35' title="bbox 573 3732 2933 3804; baseline 0.001 -18"><span class='ocrx_word' id='word_1_306' title='bbox 573 3732 769 3804; x_wconf 85' lang='lat' dir='ltr'>phetas</span> <span class='ocrx_word' id='word_1_307' title='bbox 818 3734 1041 3804; x_wconf 88' lang='lat' dir='ltr'>spiritus</span> <span class='ocrx_word' id='word_1_308' title='bbox 1080 3734 1148 3789; x_wconf 89' lang='lat' dir='ltr'>de</span> <span class='ocrx_word' id='word_1_309' title='bbox 1185 3751 1247 3788; x_wconf 93' lang='lat' dir='ltr'>eo</span> <span class='ocrx_word' id='word_1_310' title='bbox 1285 3735 1615 3788; x_wconf 86' lang='lat' dir='ltr'>sententiam</span> <span class='ocrx_word' id='word_1_311' title='bbox 1654 3733 1823 3789; x_wconf 87' lang='lat' dir='ltr'>edere.</span> <span class='ocrx_word' id='word_1_312' title='bbox 1898 3732 2315 3803; x_wconf 87' lang='lat' dir='ltr'>Responderunt</span> <span class='ocrx_word' id='word_1_313' title='bbox 2367 3732 2711 3788; x_wconf 80' lang='lat' dir='ltr'>frustillatim</span> <span class='ocrx_word' id='word_1_314' title='bbox 2759 3733 2933 3789; x_wconf 87' lang='lat' dir='ltr'>disse-</span> 
     </span>
     <span class='ocr_line' id='line_1_36' title="bbox 575 3820 2934 3892; baseline 0 -16"><span class='ocrx_word' id='word_1_315' title='bbox 575 3821 823 3890; x_wconf 87' lang='lat' dir='ltr'>candum,</span> <span class='ocrx_word' id='word_1_316' title='bbox 861 3823 1136 3892; x_wconf 90' lang='lat' dir='ltr'>proditum</span> <span class='ocrx_word' id='word_1_317' title='bbox 1174 3824 1319 3877; x_wconf 87' lang='lat' dir='ltr'>enim</span> <span class='ocrx_word' id='word_1_318' title='bbox 1357 3822 1611 3877; x_wconf 87' lang='lat' dir='ltr'>Satanae.</span> <span class='ocrx_word' id='word_1_319' title='bbox 1684 3821 2060 3891; x_wconf 84' lang='lat' dir='ltr'>Effectumque</span> <span class='ocrx_word' id='word_1_320' title='bbox 2101 3820 2383 3875; x_wconf 86' lang='lat' dir='ltr'>habuisset</span> <span class='ocrx_word' id='word_1_321' title='bbox 2419 3825 2704 3876; x_wconf 88' lang='lat' dir='ltr'>cruentum</span> <span class='ocrx_word' id='word_1_322' title='bbox 2739 3838 2934 3876; x_wconf 86' lang='lat' dir='ltr'>oracu—</span> 
     </span>
     <span class='ocr_line' id='line_1_37' title="bbox 573 3909 2936 3981; baseline 0 -16"><span class='ocrx_word' id='word_1_323' title='bbox 573 3909 715 3978; x_wconf 89' lang='lat' dir='ltr'>lum,</span> <span class='ocrx_word' id='word_1_324' title='bbox 770 3911 876 3964; x_wconf 90' lang='lat' dir='ltr'>nisi</span> <span class='ocrx_word' id='word_1_325' title='bbox 915 3910 1251 3980; x_wconf 87' lang='lat' dir='ltr'>quorundam</span> <span class='ocrx_word' id='word_1_326' title='bbox 1304 3911 1570 3965; x_wconf 90' lang='lat' dir='ltr'>beneficio</span> <span class='ocrx_word' id='word_1_327' title='bbox 1610 3950 1624 3963; x_wconf 90' lang='lat'>.</span> <span class='ocrx_word' id='word_1_328' title='bbox 1646 3952 1659 3965; x_wconf 90' lang='lat'><strong>.</strong></span> <span class='ocrx_word' id='word_1_329' title='bbox 1683 3950 1695 3962; x_wconf 89' lang='lat'><strong>.</strong></span> <span class='ocrx_word' id='word_1_330' title='bbox 1733 3909 1999 3979; x_wconf 88' lang='lat' dir='ltr'>supplicio</span> <span class='ocrx_word' id='word_1_331' title='bbox 2060 3909 2255 3963; x_wconf 88' lang='lat' dir='ltr'>fuisset</span> <span class='ocrx_word' id='word_1_332' title='bbox 2290 3910 2601 3966; x_wconf 73' lang='lat' dir='ltr'>subn-actus</span> <span class='ocrx_word' id='word_1_333' title='bbox 2638 3929 2703 3965; x_wconf 87' lang='lat' dir='ltr'>ac</span> <span class='ocrx_word' id='word_1_334' title='bbox 2738 3910 2936 3981; x_wconf 82' lang='lat' dir='ltr'>fugere</span> 
     </span>
     <span class='ocr_line' id='line_1_38' title="bbox 571 3996 2936 4070; baseline 0 -17"><span class='ocrx_word' id='word_1_335' title='bbox 571 4000 881 4070; x_wconf 88' lang='lat' dir='ltr'>permissus.</span> <span class='ocrx_word' id='word_1_336' title='bbox 925 3999 1119 4068; x_wconf 84' lang='lat' dir='ltr'>Alteri,</span> <span class='ocrx_word' id='word_1_337' title='bbox 1157 4016 1318 4069; x_wconf 90' lang='lat' dir='ltr'>quem</span> <span class='ocrx_word' id='word_1_338' title='bbox 1347 4001 1476 4053; x_wconf 91' lang='lat' dir='ltr'>ante</span> <span class='ocrx_word' id='word_1_339' title='bbox 1501 3998 1715 4068; x_wconf 83' lang='lat' dir='ltr'>aliquot</span> <span class='ocrx_word' id='word_1_340' title='bbox 1747 4013 1958 4052; x_wconf 89' lang='lat' dir='ltr'>menses</span> <span class='ocrx_word' id='word_1_341' title='bbox 1984 3996 2171 4051; x_wconf 92' lang='lat' dir='ltr'>eodem</span> <span class='ocrx_word' id='word_1_342' title='bbox 2196 3999 2420 4052; x_wconf 87' lang='lat' dir='ltr'>miserat</span> <span class='ocrx_word' id='word_1_343' title='bbox 2453 3999 2703 4069; x_wconf 87' lang='lat' dir='ltr'>princeps</span> <span class='ocrx_word' id='word_1_344' title='bbox 2726 4002 2936 4068; x_wconf 83' lang='lat' dir='ltr'>noster,</span> 
     </span>
     <span class='ocr_line' id='line_1_39' title="bbox 571 4084 2934 4157; baseline 0 -16"><span class='ocrx_word' id='word_1_345' title='bbox 571 4091 639 4142; x_wconf 86' lang='lat' dir='ltr'>ut</span> <span class='ocrx_word' id='word_1_346' title='bbox 674 4086 942 4157; x_wconf 84' lang='lat' dir='ltr'>evangelii</span> <span class='ocrx_word' id='word_1_347' title='bbox 979 4089 1267 4142; x_wconf 83' lang='lat' dir='ltr'>veritatem</span> <span class='ocrx_word' id='word_1_348' title='bbox 1303 4091 1495 4142; x_wconf 88' lang='lat' dir='ltr'>contra</span> <span class='ocrx_word' id='word_1_349' title='bbox 1529 4088 1666 4141; x_wconf 89' lang='lat' dir='ltr'>istos</span> <span class='ocrx_word' id='word_1_350' title='bbox 1691 4087 2004 4154; x_wconf 74' lang='lat' dir='ltr'>assereret,“</span> <span class='ocrx_word' id='word_1_351' title='bbox 2046 4084 2165 4153; x_wconf 88' lang='lat' dir='ltr'>(das</span> <span class='ocrx_word' id='word_1_352' title='bbox 2204 4086 2347 4140; x_wconf 84' lang='lat' dir='ltr'>kann</span> <span class='ocrx_word' id='word_1_353' title='bbox 2372 4104 2478 4141; x_wconf 92' lang='lat' dir='ltr'>nur</span> <span class='ocrx_word' id='word_1_354' title='bbox 2512 4087 2613 4142; x_wconf 88' lang='lat' dir='ltr'>auf</span> <span class='ocrx_word' id='word_1_355' title='bbox 2643 4088 2934 4142; x_wconf 85' lang='lat' dir='ltr'>Fabricius</span> 
     </span>
     <span class='ocr_line' id='line_1_40' title="bbox 573 4174 2931 4247; baseline 0 -17"><span class='ocrx_word' id='word_1_356' title='bbox 573 4175 770 4247; x_wconf 83' lang='lat' dir='ltr'>gehen)</span> <span class='ocrx_word' id='word_1_357' title='bbox 813 4176 989 4243; x_wconf 83' lang='lat' dir='ltr'>„idem</span> <span class='ocrx_word' id='word_1_358' title='bbox 1025 4175 1353 4246; x_wconf 87' lang='lat' dir='ltr'>supplicium</span> <span class='ocrx_word' id='word_1_359' title='bbox 1389 4176 1773 4246; x_wconf 83' lang='lat' dir='ltr'>sanguinarius</span> <span class='ocrx_word' id='word_1_360' title='bbox 1810 4175 1900 4229; x_wconf 91' lang='lat' dir='ltr'>hic</span> <span class='ocrx_word' id='word_1_361' title='bbox 1938 4175 2162 4244; x_wconf 88' lang='lat' dir='ltr'>spiritus</span> <span class='ocrx_word' id='word_1_362' title='bbox 2200 4174 2457 4230; x_wconf 81' lang='lat' dir='ltr'>decernit.</span> <span class='ocrx_word' id='word_1_363' title='bbox 2511 4175 2619 4230; x_wconf 89' lang='lat' dir='ltr'>Sed</span> <span class='ocrx_word' id='word_1_364' title='bbox 2655 4178 2712 4230; x_wconf 93' lang='lat' dir='ltr'>in</span> <span class='ocrx_word' id='word_1_365' title='bbox 2738 4177 2931 4231; x_wconf 82' lang='lat' dir='ltr'>cister·</span> 
     </span>
     <span class='ocr_line' id='line_1_41' title="bbox 570 4262 2933 4335; baseline 0.001 -17"><span class='ocrx_word' id='word_1_366' title='bbox 570 4280 700 4318; x_wconf 92' lang='lat' dir='ltr'>nam</span> <span class='ocrx_word' id='word_1_367' title='bbox 735 4263 1008 4335; x_wconf 87' lang='lat' dir='ltr'>quandam</span> <span class='ocrx_word' id='word_1_368' title='bbox 1045 4281 1080 4319; x_wconf 83' lang='lat' dir='ltr'>a</span> <span class='ocrx_word' id='word_1_369' title='bbox 1114 4264 1432 4320; x_wconf 90' lang='lat' dir='ltr'>mulieribus</span> <span class='ocrx_word' id='word_1_370' title='bbox 1470 4263 1735 4319; x_wconf 86' lang='lat' dir='ltr'>demissus</span> <span class='ocrx_word' id='word_1_371' title='bbox 1779 4262 2006 4318; x_wconf 80' lang='lat' dir='ltr'>biduum</span> <span class='ocrx_word' id='word_1_372' title='bbox 2043 4266 2101 4317; x_wconf 89' lang='lat' dir='ltr'>et</span> <span class='ocrx_word' id='word_1_373' title='bbox 2134 4262 2414 4318; x_wconf 89' lang='lat' dir='ltr'>hominum</span> <span class='ocrx_word' id='word_1_374' title='bbox 2451 4264 2835 4319; x_wconf 76' lang='lat' dir='ltr'>crudelitatem</span> <span class='ocrx_word' id='word_1_375' title='bbox 2871 4269 2933 4321; x_wconf 85' lang='lat' dir='ltr'>et</span> 
     </span>
     <span class='ocr_line' id='line_1_42' title="bbox 571 4351 2930 4423; baseline 0.001 -16"><span class='ocrx_word' id='word_1_376' title='bbox 571 4352 885 4407; x_wconf 87' lang='lat' dir='ltr'>mendacem</span> <span class='ocrx_word' id='word_1_377' title='bbox 918 4352 1065 4408; x_wconf 88' lang='lat' dir='ltr'>hunc</span> <span class='ocrx_word' id='word_1_378' title='bbox 1100 4354 1353 4423; x_wconf 84' lang='lat' dir='ltr'>spiritum</span> <span class='ocrx_word' id='word_1_379' title='bbox 1387 4352 1558 4408; x_wconf 86' lang='lat' dir='ltr'>latuit</span> <span class='ocrx_word' id='word_1_380' title='bbox 1591 4352 1921 4422; x_wconf 83' lang='lat' dir='ltr'>tandemque</span> <span class='ocrx_word' id='word_1_381' title='bbox 1957 4351 2092 4421; x_wconf 86' lang='lat' dir='ltr'>fuga</span> <span class='ocrx_word' id='word_1_382' title='bbox 2118 4351 2334 4422; x_wconf 86' lang='lat' dir='ltr'>elapsus</span> <span class='ocrx_word' id='word_1_383' title='bbox 2371 4351 2605 4408; x_wconf 89' lang='lat' dir='ltr'>salutem</span> <span class='ocrx_word' id='word_1_384' title='bbox 2629 4355 2930 4423; x_wconf 58' lang='lat' dir='ltr'>repperit*</span> 
     </span>
    </p>
   </div>
  </div>
 </body>
</html>
