3259 5075
311 2095 411 2167 *p.
447 2095 572 2151 392.

359 2186 430 2229 21.
459 2182 566 2228 Oct.

590 308 722 376 438
1454 303 1640 375 Anno
1692 309 1863 375 1533
1909 311 2067 375 acta.

591 485 891 552 dioecesis
952 485 1041 551 sit
1109 505 1428 553 summum
1508 504 1712 571 neque
1777 487 1992 552 tamen
2059 485 2406 570 paroeciale
2470 487 2535 551 et
2600 484 2944 550 transactio

589 592 800 658 verbis
859 591 1212 658 manifestis
1273 584 1440 657 huic'
1472 611 1686 658 omnes
1733 592 2089 677 antiquitus
2156 593 2407 659 habitas
2454 592 2833 657 ceremonias
2882 592 2948 656 et

591 699 1072 765 consuetudines
1119 697 1254 764 sine
1285 701 1538 765 senatus
1585 700 1699 764 aut
1743 699 1986 764 civium
2017 719 2277 765 suorum
2320 699 2795 783 impedimento,
2847 717 2944 763 se-

589 805 773 870 natui
801 824 946 871 vero
978 805 1080 870 ius
1128 805 1576 889 paroecialium
1619 805 2003 889 templorum
2047 806 2300 871 tantum
2346 806 2610 871 tribuat.
2670 804 2944 870 Proinde

592 930 658 977 se
706 911 941 976 iterum
1007 911 1348 995 postulare,
1395 931 1473 976 ne
1519 912 1691 976 hunc
1736 911 1947 976 virum
1993 912 2061 976 in
2109 931 2353 977 summo
2411 913 2649 996 templo
2696 911 2945 976 concio-

590 1019 847 1082 nantem
893 1018 1273 1082 conturbent
1318 1017 1759 1084 conturbarive
1807 1018 2021 1083 sinant
2065 1037 2265 1102 neque
2317 1019 2615 1085 adversus
2660 1020 2944 1084 transac-

588 1122 828 1189 tionem
872 1122 1145 1188 infirmis
1189 1123 1334 1189 istis
1365 1125 1702 1189 verborum
1735 1142 1992 1189 suorum
2037 1125 2391 1191 rationibus
2438 1126 2778 1210 quicquam
2807 1143 2944 1188 mo-

588 1229 849 1312 liantur,
897 1249 976 1295 ne
1021 1229 1149 1295 sibi
1215 1231 1563 1296 necessario
1609 1231 1688 1296 ad
1738 1231 1865 1296 alia
1910 1231 2187 1297 remedia
2254 1231 2657 1316 confugiendi
2704 1229 2943 1296 occasio

590 1335 988 1402 obtrudatur.

802 1442 1039 1508 Eodem
1084 1442 1186 1508 die
1252 1443 1638 1528 Mumpertio
1706 1463 1820 1527 per
1879 1444 2096 1509 literas
2116 1447 2139 1484 ¹
2199 1443 2543 1527 significat,
2614 1444 2691 1507 ut
2749 1442 2945 1507 solius

593 1548 901 1633 principis
947 1550 1323 1615 auctoritate
1360 1550 1632 1615 confisus
1678 1550 1895 1616 futuro
1942 1550 2044 1616 die
2075 1550 2408 1633 dominico,
2459 1569 2617 1634 quae
2662 1549 2794 1613 fuit
2839 1550 2940 1613 26.

595 1655 906 1739 OctobriS,
956 1656 1224 1740 aliisque
1255 1655 1478 1720 diebus
1522 1655 1702 1721 festis
1752 1656 2281 1739 subsequentibus
2328 1656 2398 1720 in
2427 1655 2666 1739 templo
2699 1674 2945 1719 summo

595 1762 921 1828 conciones
968 1762 1393 1845 stationesque
1439 1761 1795 1845 antiquitus
1843 1762 2199 1827 observatas
2246 1761 2502 1843 habeat,
2570 1780 2772 1845 neque
2820 1759 2945 1826 sibi

595 1867 858 1933 alterius
890 1867 1266 1932 auctoritate
1298 1887 1455 1951 opus
1488 1887 1642 1933 esse.
1690 1868 2117 1952 Mumpertius
2149 1868 2405 1952 quidem
2434 1867 2712 1952 principi
2744 1868 2941 1951 paret,

597 1975 888 2040 senatum
931 1994 1077 2040 vero
1124 1994 1459 2058 omnesque
1504 1975 1898 2059 evangelicos
1944 1974 2314 2058 gravissime
2360 1973 2638 2039 offendit.

810 2078 1116 2146 *Senatus
1165 2082 1268 2145 21.
1319 2080 1610 2146 Octobris
1631 2083 1684 2146 ²:
1755 2081 2128 2165 Quanquam
2187 2079 2256 2145 in
2318 2079 2748 2164 superioribus
2812 2077 2945 2143 suis

595 2187 851 2271 scriptis
913 2186 1229 2270 legitimas
1277 2205 1496 2251 causas
1557 2187 1914 2270 adduxerit,
1964 2207 2079 2252 cur
2123 2187 2246 2252 sibi
2291 2205 2418 2251 non
2465 2185 2551 2250 sit
2594 2184 2942 2266 ferendum,

597 2295 670 2358 ut
717 2293 975 2376 quidam
1019 2292 1364 2357 monachus
1413 2311 1525 2356 seu
1554 2292 1960 2358 terminarius
2005 2292 2076 2357 in
2108 2311 2353 2357 summo
2398 2292 2636 2374 templo
2684 2290 2764 2355 ad
2796 2308 2944 2353 con-

593 2398 971 2464 cionandum
1039 2399 1272 2464 iterum
1342 2398 1736 2481 admittatur,
1810 2399 1920 2483 qui
1985 2400 2151 2464 cives
2220 2397 2591 2464 catervatim
2637 2416 2672 2460 a
2720 2415 2836 2461 sua
2879 2398 2945 2460 et

593 2505 954 2590 evangelica
1021 2505 1322 2590 religione
1392 2506 1636 2588 avocet,
1694 2507 1758 2571 01
1819 2523 2178 2590 quanquam
2244 2502 2690 2571 transactionis
2760 2504 2949 2587 pacta

593 2613 802 2678 verbis
846 2612 1197 2677 manifestis
1229 2612 1549 2677 declarent
1593 2611 1906 2694 templum
1944 2630 2262 2676 summum
2292 2611 2363 2677 in
2395 2612 2528 2676 suis
2575 2611 2945 2676 ceremoniis

594 2718 659 2783 et
688 2717 921 2784 ritibus
967 2718 1245 2801 antiquis
1279 2718 1413 2783 sine
1445 2719 1699 2783 senatus
1733 2718 1843 2781 aut
1874 2716 2111 2782 civium
2155 2717 2607 2800 impedimento
2652 2736 2945 2800 perman-

596 2842 834 2905 surum,
885 2824 1132 2889 senatui
1159 2842 1305 2888 vero
1336 2823 1438 2888 ius
1468 2822 1923 2906 paroecialium
1951 2822 2336 2906 templorum
2367 2842 2500 2888 esse
2539 2823 2944 2906 permissum,

593 2929 741 2995 inde
784 2932 997 2995 tamen
1043 2929 1266 2995 confici
1311 2948 1436 2994 non
1482 2948 1664 3013 posse
1694 2929 2006 3012 templum
2052 2948 2372 2994 summum
2418 2932 2564 3012 post
2609 2930 2945 2994 transacti-

595 3054 779 3100 onem
822 3035 950 3101 iam
995 3035 1233 3100 dictam
1296 3034 1701 3100 concionibus
1749 3036 1860 3100 aut
1906 3035 2285 3100 stationibus
2333 3034 2603 3099 alicuius
2648 3034 2945 3099 monachi

596 3160 667 3206 ac
712 3141 1066 3206 terminarii
1109 3141 1454 3225 regendum
1499 3160 1654 3222 esse,
1703 3159 1850 3205 cum
1897 3140 2240 3223 conciones,
2313 3138 2614 3204 statio'nes
2661 3140 2945 3223 aliaeque

597 3246 836 3312 similes
907 3246 1294 3312 ceremoniae
1362 3246 1508 3311 ante
1572 3245 2065 3311 transactionem
2139 3245 2501 3329 antiquatae
2571 3245 2945 3310 corruerint.

597 3351 1015 3435 Quaecunque
1058 3352 1322 3434 proinde
1366 3352 1812 3417 transactionis
1859 3353 2263 3416 monumenta
2307 3352 2557 3435 signata
2600 3371 2727 3417 non
2774 3371 2947 3416 com-

595 3459 987 3542 plectuntur,
1037 3476 1110 3524 ea
1163 3459 1420 3541 propria
1486 3457 1861 3523 auctoritate
1926 3458 2144 3541 postea
2187 3478 2261 3522 ex
2304 3458 2640 3524 intervallo
2710 3458 2946 3540 apponi

596 3583 722 3628 non
767 3582 965 3646 posse.
1058 3562 1136 3628 In
1180 3563 1627 3629 transactionis
1697 3564 2011 3647 scriptura
2056 3565 2291 3648 absque
2352 3565 2560 3648 longis
2606 3566 2946 3630 verborum

597 3670 967 3753 ambagibus
1015 3669 1390 3753 simpliciter
1433 3670 1588 3735 haec
1619 3671 1809 3736 verba
1853 3669 2190 3736 contineri:
2240 3671 2592 3754 capitulum
2637 3690 2764 3736 11011
2803 3672 2942 3735 1111-

595 3776 819 3842 batum
863 3794 1012 3842 suae
1056 3769 1352 3860 religioni
1397 3778 1462 3841 01
1504 3778 1674 3842 vitae
1722 3776 2219 3860 permittendum
2263 3795 2415 3843 esse.
2498 3777 2678 3843 Unde
2722 3778 2949 3842 inferri

596 3901 722 3948 non
766 3902 947 3965 posse
977 3901 1043 3947 se
1072 3883 1452 3948 monachum
1498 3883 1759 3948 alterius
1805 3883 2151 3967 religionis,
2200 3884 2313 3967 qui
2359 3903 2595 3950 errores
2633 3885 2697 3948 et
2742 3884 2949 3949 schis-

595 3991 767 4054 mata
812 3990 1084 4073 spargat,
1134 3988 1246 4073 qui
1292 3988 1667 4054 seditionem
1711 3988 1878 4055 inter
1923 3990 2090 4055 cives
2138 3990 2392 4071 excitet,
2442 3989 2523 4055 ad
2568 3991 2946 4055 concionan-

812 4200 854 4269 1)
889 4200 1140 4271 Konzept
1174 4201 1251 4254 im
1288 4199 1459 4257 St.·A.
1496 4200 1571 4255 M.
1644 4200 1835 4256 Dieses
1881 4200 2171 4256 Schreibcn
2225 4218 2336 4255 war
2389 4200 2766 4256 abschriftlich
2822 4201 2947 4255 dem

595 4304 667 4343 an
702 4288 791 4343 die
827 4288 990 4343 Stadt
1022 4289 1320 4360 beigelegt.

809 4374 853 4446 ⁹)
891 4376 1043 4448 Orig.
1078 4378 1156 4431 im
1192 4376 1365 4433 St.·A.
1400 4378 1476 4434 M.
1529 4377 1767 4450 Abgedr.
1802 4379 1891 4434 bei
1928 4379 1982 4434 J.
2018 4376 2074 4433 N
2084 4380 2183 4434 ies
2198 4382 2324 4434 ert:
2362 4378 2521 4435 U.-B.
2558 4378 2635 4434 1¹.
2673 4378 2727 4433 S.
2764 4378 2870 4433 219
2885 4377 2944 4433 ff.
