3259 5075
1153 306 1763 375 Anno1534aota.
2496 306 2624 374 581

494 483 555 547 8.
602 482 700 547 De
727 481 900 548 furto
930 482 1079 548 Exo.
1110 484 1268 548 20¹:
1298 482 1440 549 Non
1463 483 1795 550 furaberis.
1841 483 2030 548 Deut.
2060 483 2101 548 5
2121 484 2163 566 ⁸,
2204 485 2235 549 1
2254 482 2491 550 Corint.
2521 486 2561 550 6
2579 485 2625 550 ⁸.

269 587 444 653 Item
486 588 672 653 Deut.
709 591 791 654 27
813 591 869 653 ⁴:
917 588 1318 671 Maledictus,
1368 589 1480 673 qui
1525 589 1831 655 transfert
1867 581 2104 656 terram
2146 590 2415 673 proximi
2460 590 2578 656 sui.

493 695 553 758 9.
601 694 694 760 De
740 694 1074 760 fraudibus
1120 697 1185 760 et
1238 695 1606 779 imposturis
1662 699 1689 760 1
1741 695 1960 761 Thess,
2011 697 2125 761 4⁶:
2186 696 2281 761 Ne
2327 696 2467 781 quis
2515 717 2627 780 op-

267 800 512 883 primat
550 801 616 865 et
657 800 909 866 fraudet
954 800 1024 867 in
1054 801 1304 884 negotio
1346 801 1608 866 fratrem
1640 820 1845 878 suum,
1894 804 2226 886 propterea
2258 802 2426 886 quod
2456 802 2627 870 ultor

263 907 372 970 est
415 906 585 971 Deus
632 907 708 972 de
754 907 1047 972 omnibus
1093 906 1216 973 his.

495 1015 590 1079 10.
647 1014 741 1078 De
800 1013 1144 1078 mendaciis
1190 1015 1254 1078 et
1316 1013 1877 1079 obtrectationibus
1947 1014 2088 1097 Sap.
2130 1014 2236 1078 1⁶:
2303 1014 2406 1096 Os,
2455 1013 2624 1097 quod

266 1118 597 1201 mentitur,
646 1118 881 1185 occidit
926 1119 1221 1185 animam.
1276 1120 1510 1185 Psalm.
1547 1122 1626 1185 21
1652 1123 1705 1185 ²:
1753 1120 2023 1186 Timidis
2064 1122 2128 1185 et
2172 1120 2513 1186 incredulis
2559 1122 2625 1186 et

266 1225 571 1290 execratis
621 1228 686 1291 et
731 1225 1069 1291 homicidis
1115 1227 1180 1291 et
1225 1227 1679 1292 scortatoribus
1726 1228 1790 1291 et
1833 1226 2128 1292 veneficis
2160 1228 2225 1291 et
2268 1226 2621 1293 idololatris

263 1332 335 1394 et
378 1331 671 1396 omnibus
703 1331 1131 1414 mendacibu8‚
1179 1351 1325 1415 pars
1374 1333 1631 1398 illorum
1662 1332 1785 1397 erit
1829 1332 1898 1397 in
1931 1334 2151 1415 stagno
2182 1332 2428 1398 ardenti
2472 1332 2621 1416 igne

263 1438 334 1501 et
381 1436 705 1521 sulphure,
755 1439 922 1522 quod
968 1440 1066 1503 est
1109 1458 1278 1503 mors
1326 1438 1618 1505 secunda.
1713 1439 1917 1504 Iacob.
1967 1439 2082 1504 4⁸:
2151 1439 2364 1505 Nolite
2409 1439 2620 1505 detra-

261 1542 417 1608 here
461 1544 640 1610 vobis
690 1543 1017 1627 *invicem,
1066 1544 1320 1610 fratres!
1422 1549 1452 1609 l
1503 1545 1680 1611 Petri
1728 1547 1830 1628 2⁹,
1878 1544 2108 1610 Matth.
2162 1546 2198 1609 7
2219 1547 2295 1609 ¹⁰.
2642 1558 2741 1633 *μ
2776 1559 2909 1620 489,

494 1655 589 1715 11.
635 1651 729 1715 De
772 1650 1167 1734 turpiloquio
1199 1652 1263 1715 et
1307 1650 1516 1714 verbis
1548 1650 1767 1716 otiosis
1813 1651 2043 1717 Matth.
2086 1652 2272 1717 12¹¹:
2319 1651 2415 1716 De
2443 1651 2618 1718 omni

260 1756 456 1821 verbo
505 1757 721 1840 otioso,
770 1757 938 1840 quod
982 1756 1184 1821 locuti
1226 1756 1467 1821 fuerint
1511 1755 1816 1839 homineS,
1868 1756 2181 1822 reddituri
2228 1759 2378 1822 sunt
2423 1757 2617 1823 ratio-

261 1880 412 1926 nem
455 1862 524 1926 in
571 1862 672 1926 die
718 1863 963 1928 iudicii.
1057 1863 1219 1927 Item
1263 1862 1428 1947 Eph.
1478 1864 1624 1928 4¹²:
1697 1863 1917 1929 Omnis
1980 1882 2180 1928 sermo
2228 1882 2494 1945 spurcus
2542 1882 2615 1928 ex

258 1985 368 2032 ore
415 1970 622 2034 vestro
668 1988 747 2034 ne
793 1968 1106 2056 procedat.

485 2076 586 2141 12.
657 2075 751 2140 De
810 2075 1345 2156 contentionibus,
1418 2075 1863 2157 seditionibuS,
1934 2075 2032 2140 ira
2076 2078 2140 2141 et
2198 2075 2614 2142 aemulatione

257 2178 470 2246 Galat.
520 2182 562 2246 5
584 2182 670 2247 ¹³:
717 2181 1058 2247 Manifesta
1088 2184 1239 2246 sunt
1284 2200 1473 2264 opera
1505 2182 1731 2264 carnis,
1782 2200 1941 2264 quae
1972 2182 2123 2248 sunt
2166 2181 2347 2247 haec:
2394 2180 2611 2247 inimi-

260 2285 468 2369 citiae,
501 2288 602 2369 lis,
638 2287 1104 2369 aemulationes,
1154 2287 1301 2370 irae,
1344 2287 1835 2352 concertationes
1867 2289 2016 2368 etc.;
2065 2287 2177 2371 qui
2206 2286 2361 2352 talia
2391 2290 2608 2371 agunt,

259 2393 442 2475 regni
488 2393 606 2458 Dei
677 2394 971 2459 haeredes
1017 2414 1144 2459 non
1191 2393 1395 2459 erunt.
1492 2394 1675 2459 Matt.
1725 2394 1767 2458 5
1788 2394 1874 2459 ¹⁴:
1945 2392 2247 2476 Quisquis
2313 2393 2611 2459 irascitur

255 2498 446 2566 fratri
479 2519 590 2566 suo
632 2504 883 2584 temere,
933 2500 1236 2567 obnoxius
1270 2500 1392 2567 erit
1434 2499 1690 2566 iudicio.
1764 2501 1796 2567 1
1832 2500 2003 2567 Ioan.
2039 2502 2083 2566 4
2102 2501 2189 2567 ¹⁶:
2238 2499 2610 2585 Quicunque

254 2606 398 2672 odit
442 2607 703 2673 fratrem
749 2628 954 2691 suum,
1002 2607 1322 2672 homicida
1365 2609 1480 2673 est.

483 2716 581 2780 13.
653 2715 747 2779 De
803 2714 1170 2796 calumniis,
1238 2713 1927 2779 obmurmurationibus
1975 2714 2040 2777 et
2095 2711 2476 2778 factionibus
2536 2713 2607 2777 in

253 2819 494 2901 populo
538 2819 656 2885 Dei
700 2821 902 2886 Levit.
947 2824 1025 2885 19
1046 2822 1132 2886 ¹⁶:
1179 2820 1321 2886 Non
1352 2819 1475 2886 erit
1520 2820 1890 2885 criminator
1933 2839 2047 2884 nec
2080 2838 2334 2884 susurro
2380 2817 2447 2882 in
2493 2839 2607 2901 po-

251 2925 429 3008 pulo.
529 2930 556 2991 1
610 2923 750 2992 Cor.
807 2930 888 2993 10
907 2930 991 2993 ¹⁷:
1060 2927 1202 2993 Non
1247 2926 1678 3007 murmuretis,
1727 2926 1895 2991 sicut
1938 2926 2003 2990 et
2047 2924 2305 3010 quidam
2349 2923 2608 2993 illorum

252 3035 829 3099 murmuraverunt.

471 3137 838 3205 Conclusio:
888 3139 1258 3222 Quicunque
1303 3138 1405 3203 his
1450 3137 1725 3222 peccatis
1771 3140 1837 3203 et
1881 3135 2199 3201 similibus
2232 3135 2495 3201 salutari
2541 3137 2606 3202 et

251 3264 443 3311 sanae
488 3245 634 3311 Iesu
681 3245 921 3311 Christi
985 3244 1305 3310 doctrinae
1366 3243 1700 3310 contrariis
1747 3262 1812 3308 se
1857 3241 2406 3324 contaminaverit,
2476 3240 2605 3308 nisi

249 3371 468 3417 veram
505 3352 707 3436 egerit
750 3351 1222 3436 poenitentiam,
1271 3351 1400 3435 legi
1448 3349 1826 3416 subiicietur
1856 3351 1921 3414 et
1966 3347 2604 3414 excommunicatione

247 3456 588 3541 gladioque
619 3477 655 3523 a
686 3458 1066 3542 magistratu
1109 3456 1424 3523 ordinario
1457 3477 1496 3523 a
1523 3457 1655 3522 Deo
1703 3455 2045 3523 constituto
2093 3454 2169 3520 de
2206 3455 2440 3538 populo
2484 3453 2605 3520 Dei

248 3562 696 3630 eradicabitur.
789 3565 1044 3649 Apocal.
1096 3566 1182 3629 22
1201 3564 1287 3629 ¹⁸:
1334 3563 1536 3647 Beati,
1585 3563 1698 3647 qui
1744 3565 1996 3627 servant
2058 3560 2357 3626 mandata
2399 3560 2598 3643 illiue,

246 3671 330 3734 ut
376 3669 464 3734 sit
505 3672 784 3753 potestas
847 3671 1107 3736 illorum
1149 3670 1221 3735 in
1265 3670 1440 3755 ligno
1484 3670 1654 3735 vitae
1700 3672 1763 3734 et
1807 3688 1921 3752 per
1965 3668 2178 3750 portas
2246 3667 2487 3731 intrent
2531 3666 2602 3731 in

246 3774 612 3857 civitatem3
684 3776 837 3842 foris
906 3778 1119 3841 autem
1175 3795 1358 3841 canes
1405 3777 1470 3840 et
1511 3774 1777 3840 venefici
1820 3777 1885 3839 et
1928 3772 2241 3855 impudici
2286 3773 2351 3837 et
2393 3771 2600 3838 homi-

246 3881 427 3946 cidae
458 3882 523 3946 et
552 3881 740 3948 idolis
773 3882 1110 3949 servientes
1145 3885 1209 3948 et
1240 3881 1463 3964 omnis,
1512 3881 1623 3967 qui
1655 3882 1827 3946 amat
1856 3882 1921 3945 et
1950 3879 2106 3945 facit
2136 3878 2595 3944 mendacium.“

467 4112 510 4180 ¹)
553 4111 634 4167 15.
672 4140 739 4150 —
779 4109 826 4178 ¹)
865 4114 956 4170 19.
989 4141 1056 4151 -
1106 4111 1152 4181 ⁸)
1196 4114 1278 4168 10.
1316 4142 1384 4150 -
1435 4111 1482 4182 ⁴)
1523 4111 1606 4167 17.
1644 4139 1712 4150 —
1761 4109 1806 4177 ⁸)
1845 4110 1897 4164 6.
1934 4138 2002 4148 -
2053 4107 2098 4177 ⁸)
2140 4110 2223 4164 11.
2262 4136 2330 4146 -
2369 4107 2412 4169 ¹¹)
2452 4105 2599 4163 viel-

241 4198 403 4256 mehr
436 4199 660 4270 Apocal.
698 4202 786 4270 21,
823 4201 875 4258 8.
913 4231 981 4239 —
1020 4200 1066 4270 ⁸)
1108 4203 1189 4254 11.
1227 4230 1294 4240 -
1335 4200 1380 4269 ⁹)
1422 4203 1467 4254 1.
1508 4229 1574 4238 —
1614 4199 1685 4269 ¹⁰)
1726 4200 1809 4254 12.
1847 4226 1916 4237 —-
1957 4198 2023 4266 ¹²)
2061 4198 2148 4252 36.
2187 4225 2255 4235 -
2298 4194 2365 4265 ¹¹)
2403 4196 2490 4251 29.
2528 4221 2597 4234 -

248 4287 320 4355 ¹⁸)
357 4287 485 4343 20ss
524 4318 592 4328 —
645 4288 713 4358 ¹⁴)
751 4290 839 4347 22.
876 4319 944 4329 —
997 4289 1065 4358 ¹¹⁵)
1101 4289 1379 4346 Vielmehr
1414 4289 1468 4358 3,
1506 4288 1600 4355 153
1638 4287 1749 4359 vgl.
1788 4286 1929 4343 dam
1960 4286 2015 4357 4,
2052 4286 2139 4341 20.
2175 4314 2243 4324 —
2297 4284 2365 4352 ¹⁰)
2407 4284 2491 4343 16.
2528 4311 2601 4324 ·-

246 4376 320 4447 ¹²)
360 4380 442 4432 10.
481 4406 550 4416 —
588 4378 657 4447 ²⁸)
696 4378 763 4433 14
780 4378 820 4434 f.
