3259 5075
1138 285 1321 350 Anno
1376 287 1548 351 1534
1592 286 1750 350 acta.
2486 289 2615 352 577

259 479 458 542 eoque
506 460 584 525 ad
630 461 1002 528 mandatum
1033 460 1155 525 Dei
1199 460 1484 526 scinde!“
1559 460 1729 525 Hinc
1775 463 1947 526 totus
1994 462 2266 544 populus
2312 463 2620 546 propheta

260 566 522 631 iubente
591 567 907 649 supplices
971 568 1053 631 ad
1096 568 1347 633 Patrem
1417 587 1530 651 pro
1593 568 1987 651 gubernandi
2056 568 2362 652 populum
2418 571 2616 635 lsrae-

260 676 515 741 liticum
562 677 902 759 prudentia
956 697 1171 760 preces
1218 677 1448 742 fundit.
1542 678 1945 742 Hermannus
1991 677 2205 746 autem
2248 675 2615 740 Tilbechius

261 782 498 866 spiritu
544 783 932 848 humilitatis
963 783 1316 866 exagitatus
1363 783 1780 848 lachrimatur
1823 785 1913 848 et:
1967 783 2060 866 „O
2092 782 2181 846 mi
2213 782 2461 864 Pater,“
2512 802 2615 847 ex-

260 889 512 971 clamat,
567 889 906 973 „indignus
954 908 1066 973 ego
1101 908 1243 954 sum
1288 890 1465 954 tanto
1498 908 1776 953 munere.
1854 890 1955 953 Tu
1998 889 2212 972 itaque
2256 889 2419 953 mihi
2462 908 2615 972 pru-

258 995 538 1060 dentiam
572 995 861 1079 viresque
906 996 1163 1079 regendi
1209 996 1543 1079 suggere!“
1620 996 1741 1060 His
1787 996 1879 1060 ita
1909 996 2067 1060 actis
2098 998 2236 1060 tota
2267 996 2615 1061 multitudo

256 1101 570 1184 propheta
633 1102 1032 1185 praecinente
1095 1102 1313 1168 Gloria
1371 1101 1441 1166 in
1501 1101 1759 1166 excelsis
1829 1102 2137 1166 decantat.
2233 1102 2499 1167 Senatus
2545 1101 2615 1167 in

256 1209 470 1291 partes
530 1207 659 1272 iam
706 1207 1048 1273 distractus
1118 1208 1484 1290 prophetico
1534 1207 1794 1291 spiritui
1854 1227 2172 1290 novaeque
2232 1208 2615 1291 reipublicae

256 1314 496 1379 formae
539 1333 665 1378 non
699 1317 1010 1397 repugnat
1053 1314 1446 1397 libenterque
1495 1333 1560 1378 se
1592 1313 1974 1397 magistratu
2022 1314 2303 1379 abdicari
2346 1316 2611 1398 patitur.

255 1421 490 1484 Totum
537 1439 684 1503 ergo
732 1420 1073 1503 imperium
1118 1421 1182 1485 et
1225 1439 1473 1484 merum
1520 1422 1583 1484 et
1629 1420 1918 1502 mixtum,
1968 1419 2068 1485 ius
2109 1420 2276 1485 vitae
2322 1421 2613 1504 necisque

258 1527 395 1591 sine
438 1526 681 1591 invidia
725 1530 979 1591 senatus
1028 1527 1300 1591 seniores
1348 1526 1473 1591 sibi
1518 1525 1875 1608 vendicant,
1932 1526 2100 1610 leges
2146 1547 2337 1592 novas
2383 1527 2613 1592 veteri·

257 1634 380 1698 bus
427 1633 746 1716 abrogatis
794 1633 1092 1715 condunt,
1142 1631 1349 1697 edicta
1393 1652 1505 1716 pro
1555 1651 1672 1697 sua
1715 1632 2001 1715 libidine,
2049 1633 2357 1716 propheta
2399 1635 2614 1697 tamen

255 1739 563 1820 consult0,
634 1738 966 1822 publicant
1011 1740 1075 1803 et
1135 1738 1346 1803 omnia
1412 1758 1525 1820 pro
1591 1756 1705 1802 suo
1751 1738 2015 1802 arbitrio
2077 1739 2278 1822 agunt
2295 1739 2336 1803 ¹.
2431 1738 2613 1803 Hanc

255 1844 457 1928 gladii
501 1847 567 1910 et
625 1845 954 1910 scindendi
1021 1844 1344 1910 licentiam
1413 1863 1538 1909 non
1600 1842 1879 1926 seguiter
1946 1843 2071 1907 sibi
2135 1845 2473 1926 usurpant,
2537 1846 2613 1908 ut

254 1953 476 2035 postea
520 1951 783 2016 dicetur.

692 2127 1043 2192 Duodecim
1089 2126 1408 2193 seniorum
1452 2126 1734 2192 edictum
1780 2125 2113 2210 publicum
2133 2128 2172 2191 ².

478 2286 741 2368 „Gratia
783 2289 848 2352 et
892 2307 1012 2370 pax
1058 2306 1248 2370 super
1292 2306 1527 2370 omma,
1592 2286 1705 2371 qui
1752 2286 1983 2352 timent
2026 2288 2232 2352 Deum
2274 2289 2340 2352 et
2384 2286 2611 2352 volun-

252 2391 377 2458 tati
410 2392 544 2457 eius
577 2394 1026 2476 obsequuntur,
1071 2395 1134 2458 et
1164 2413 1284 2476 pax
1316 2412 1504 2476 super
1533 2393 1901 2459 universum
1932 2393 2248 2476 Israelem,
2297 2394 2609 2477 populum

253 2498 406 2565 Dei!
466 2499 704 2565 Amen!
776 2498 938 2565 Cum
969 2498 1036 2564 in
1069 2499 1188 2564 hac
1221 2500 1437 2564 sancta
1482 2498 1933 2565 communitate
1968 2498 2448 2565 Monasteriensi
2493 2519 2606 2567 nos

255 2624 492 2688 omneS,
541 2624 812 2689 quorum
844 2605 1140 2671 cordibus
1185 2605 1284 2670 lex
1311 2607 1378 2670 et
1419 2606 1714 2671 voluntas
1761 2605 2062 2671 altissimi
2108 2605 2310 2688 digito
2341 2605 2461 2670 Dei
2507 2606 2607 2672 in-

253 2709 494 2795 scripta
538 2714 653 2794 est,
701 2731 838 2776 eam
885 2710 1283 2795 cogitatione,
1331 2711 1540 2776 verbis
1588 2712 1653 2776 et
1699 2710 1993 2794 operibus
2025 2710 2250 2775 merito
2296 2710 2607 2794 adimple-

252 2835 465 2881 remus
520 2816 693 2899 adeo,
766 2819 841 2882 ut
885 2835 1054 2881 nunc
1123 2815 1352 2880 dehinc
1399 2834 1556 2899 opus
1603 2836 1730 2881 non
1776 2814 1862 2881 sit
1929 2816 2132 2900 legem
2201 2816 2442 2882 domini
2486 2817 2607 2883 Dei

471 3046 514 3116 ¹)
551 3045 618 3100 In
655 3046 751 3101 der
791 3045 1116 3116 „Ordnung“
1157 3045 1326 3100 heisst
1363 3063 1419 3101 es
1456 3044 1865 3100 ausdriicklich:
1910 3045 2092 3112 „Aller
2126 3044 2290 3113 Radt,
2328 3043 2606 3114 Oberkeit,

249 3134 493 3203 Richter,
529 3135 862 3189 Richtstette
900 3134 1054 3189 seind
1091 3134 1198 3189 alle
1232 3135 1319 3202 ab,
1355 3133 1446 3188 die
1483 3151 1585 3188 von
1622 3133 1765 3188 alter
1789 3134 1887 3188 her
1922 3132 2225 3205 gewonlich
2260 3150 2456 3202 waren,
2493 3133 2608 3188 und

251 3223 351 3277 der
387 3224 463 3277 ist
499 3224 586 3277 ein
623 3240 771 3278 newe
810 3223 1069 3278 Oberkeit
1108 3263 1120 3275 .
1142 3263 1189 3276 ..
1231 3223 1554 3293 empfangen
1591 3223 1704 3276 und
1740 3222 1908 3277 wider
1944 3224 2246 3292 eingesetzt
2283 3263 2296 3277 .
2319 3264 2332 3277 .
2355 3223 2401 3278 .“
2451 3222 2608 3277 Auch

249 3311 322 3366 Η.
362 3312 704 3366 Gresbeck
741 3312 795 3367 S.
833 3312 961 3367 35f.
999 3312 1299 3367 berichtet:
1360 3311 1464 3378 „So
1502 3311 1713 3366 hebben
1752 3312 1832 3366 sie
1882 3311 1969 3366 die
2006 3311 2455 3381 burgermeisters
2492 3310 2606 3365 und

252 3400 357 3454 den
395 3405 531 3470 raet,
572 3401 676 3455 den
713 3403 791 3456 sie
828 3405 987 3472 gesat
1022 3401 1251 3470 hedden,
1307 3401 1523 3471 afgesat
1574 3402 1689 3455 und
1725 3400 1833 3455 alle
1869 3400 2050 3471 gielde
2092 3401 2204 3455 und
2240 3401 2393 3456 older
2428 3400 2606 3469 luede,

249 3488 352 3543 dat
388 3489 476 3544 die
514 3492 639 3560 gein
678 3490 972 3545 overicheit
1007 3490 1161 3545 mehr
1196 3489 1384 3545 solden
1422 3491 1554 3545 sein.
1609 3490 1734 3543 Dan
1770 3490 1858 3544 die
1896 3490 2051 3545 twelf
2083 3490 2325 3546 eldesten
2362 3489 2475 3544 und
2512 3489 2608 3544 der

247 3581 387 3646 raet,
427 3581 483 3632 et
517 3596 627 3632 was
666 3580 754 3633 ein
791 3578 1000 3634 dinck.“

468 3665 510 3732 ²)
548 3667 651 3720 Die
689 3666 979 3737 folgenden
1014 3666 1442 3736 Verordnungen
1497 3665 1675 3720 haben
1714 3666 1828 3720 sich
1874 3666 2015 3721 noch
2062 3666 2219 3721 nicht
2252 3666 2451 3721 wieder
2486 3667 2604 3720 auf-

247 3753 434 3809 fmden
488 3754 685 3810 hasen.
760 3757 851 3811 Sie
889 3755 1011 3811 sind
1059 3773 1163 3810 nur
1216 3756 1386 3810 durch
1423 3754 1603 3810 Keras.
1642 3755 1900 3824 bekannt,
1956 3755 2052 3809 der
2087 3757 2166 3810 sie
2221 3756 2409 3826 gewits
2463 3755 2606 3809 nach

245 3842 424 3897 ihrem
462 3843 611 3898 alten
648 3845 865 3899 Drucke
901 3845 1223 3899 fibemetzte.
1285 3845 1397 3898 Der
1432 3843 1615 3898 Druck
1651 3844 1727 3899 ist
1763 3845 1821 3897 in
1858 3843 1954 3897 der
1995 3843 2321 3914 „Ordnung“
2362 3842 2604 3898 zweimal

249 3931 511 3987 erwahnt.
582 3933 669 3987 An
708 3933 805 3987 der
858 3935 994 3988 eben
1029 3934 1283 3987 citierten
1322 3930 1494 3987 Stelle
1548 3931 1694 4002 folgt
1734 3932 2093 3987 unmittelbar
2146 3932 2246 3986 auf
2292 3931 2380 3985 die
2418 3931 2606 3986 Worte

251 4020 398 4087 „und
434 4021 602 4076 wider
637 4023 988 4092 eingesetzt“:
1032 4021 1245 4093 „gleich
1268 4024 1368 4076 wie
1393 4039 1520 4075 man
1546 4021 1643 4075 das
1681 4022 1739 4074 in
1769 4021 1993 4090 jhenem
2016 4021 2185 4075 drnck
2221 4021 2410 4087 findet,
2448 4020 2604 4075 datin

245 4125 375 4163 man
413 4109 552 4164 auch
606 4109 728 4164 klar
760 4111 887 4179 hat,
943 4111 1188 4166 wariiber
1224 4110 1303 4165 sie
1341 4108 1564 4164 straffen
1602 4108 1825 4163 sollen.“
1902 4108 2029 4164 Und
2064 4109 2152 4164 bei
2191 4109 2313 4163 dem
2348 4107 2605 4163 Berichte

246 4197 382 4252 iiber
419 4197 506 4251 die
543 4198 877 4268 Ernennung
912 4198 1411 4269 Knipperdolling's
1467 4214 1589 4251 zum
1626 4197 2056 4267 Schwerttrager
2109 4197 2278 4253 heifst
2314 4213 2398 4251 es:
2443 4197 2605 4264 „Was

239 4302 315 4340 zu
353 4286 579 4341 straffen
616 4287 707 4356 ist,
747 4287 890 4341 smdt
925 4304 1052 4342 man
1087 4289 1151 4342 in
1187 4288 1342 4343 ihren
1377 4286 1666 4356 biicheren,
1714 4285 1989 4341 welliches
2025 4286 2116 4341 hie
2146 4288 2263 4341 nitt
2312 4286 2496 4356 nottig
2531 4285 2607 4340 ist

243 4376 645 4446 anzuzeygen.“
2391 4447 2473 4511 13
