<?xml version="1.0" encoding="UTF-8"?>
<!DOCTYPE html PUBLIC "-//W3C//DTD XHTML 1.0 Transitional//EN"
    "http://www.w3.org/TR/xhtml1/DTD/xhtml1-transitional.dtd">
<html xmlns="http://www.w3.org/1999/xhtml" xml:lang="en" lang="en">
 <head>
  <title>
</title>
<meta http-equiv="Content-Type" content="text/html;charset=utf-8" />
  <meta name='ocr-system' content='tesseract 3.04.00' />
  <meta name='ocr-capabilities' content='ocr_page ocr_carea ocr_par ocr_line ocrx_word'/>
</head>
<body>
  <div class='ocr_page' id='page_1' title='image "./hermanniakersse00westgoog_0193.png"; bbox 0 0 3259 5075; ppageno 0'>
   <div class='ocr_carea' id='block_1_1' title="bbox 1210 235 2683 300">
    <p class='ocr_par' dir='ltr' id='par_1_1' title="bbox 1210 235 2683 300">
     <span class='ocr_line' id='line_1_1' title="bbox 1210 235 2683 300; baseline -0.001 0"><span class='ocrx_word' id='word_1_1' title='bbox 1210 236 1390 300; x_wconf 89' lang='lat' dir='ltr'>Anno</span> <span class='ocrx_word' id='word_1_2' title='bbox 1449 236 1612 300; x_wconf 78' lang='lat'>1534</span> <span class='ocrx_word' id='word_1_3' title='bbox 1659 236 1815 300; x_wconf 85' lang='lat' dir='ltr'>acta.</span> <span class='ocrx_word' id='word_1_4' title='bbox 2551 235 2683 299; x_wconf 81' lang='lat'>569</span> 
     </span>
    </p>
   </div>
   <div class='ocr_carea' id='block_1_2' title="bbox 321 409 2684 2937">
    <p class='ocr_par' dir='ltr' id='par_1_2' title="bbox 321 409 2684 2937">
     <span class='ocr_line' id='line_1_2' title="bbox 330 409 2683 494; baseline 0 -20"><span class='ocrx_word' id='word_1_5' title='bbox 330 409 460 474; x_wconf 90' lang='lat' dir='ltr'>sibi</span> <span class='ocrx_word' id='word_1_6' title='bbox 492 411 758 494; x_wconf 88' lang='lat' dir='ltr'>aliisque</span> <span class='ocrx_word' id='word_1_7' title='bbox 803 431 917 494; x_wconf 85' lang='lat' dir='ltr'>per</span> <span class='ocrx_word' id='word_1_8' title='bbox 951 412 1173 476; x_wconf 90' lang='lat' dir='ltr'>urbem</span> <span class='ocrx_word' id='word_1_9' title='bbox 1219 410 1656 493; x_wconf 87' lang='lat' dir='ltr'>persuaderet:</span> <span class='ocrx_word' id='word_1_10' title='bbox 1706 429 1771 474; x_wconf 93' lang='lat' dir='ltr'>se</span> <span class='ocrx_word' id='word_1_11' title='bbox 1801 411 2010 476; x_wconf 90' lang='lat' dir='ltr'>Patris</span> <span class='ocrx_word' id='word_1_12' title='bbox 2057 409 2304 475; x_wconf 90' lang='lat' dir='ltr'>monitu</span> <span class='ocrx_word' id='word_1_13' title='bbox 2336 429 2481 475; x_wconf 90' lang='lat' dir='ltr'>cum</span> <span class='ocrx_word' id='word_1_14' title='bbox 2526 429 2683 492; x_wconf 91' lang='lat' dir='ltr'>pau-</span> 
     </span>
     <span class='ocr_line' id='line_1_3' title="bbox 333 515 2682 599; baseline 0.001 -20"><span class='ocrx_word' id='word_1_15' title='bbox 333 515 427 581; x_wconf 89' lang='lat' dir='ltr'>cis</span> <span class='ocrx_word' id='word_1_16' title='bbox 473 517 789 583; x_wconf 75' lang='lat' dir='ltr'><strong>militibus</strong></span> <span class='ocrx_word' id='word_1_17' title='bbox 835 536 1050 582; x_wconf 90' lang='lat' dir='ltr'>omnes</span> <span class='ocrx_word' id='word_1_18' title='bbox 1118 516 1330 582; x_wconf 86' lang='lat' dir='ltr'>hostes</span> <span class='ocrx_word' id='word_1_19' title='bbox 1399 518 1774 581; x_wconf 88' lang='lat' dir='ltr'>abacturum</span> <span class='ocrx_word' id='word_1_20' title='bbox 1822 518 2162 599; x_wconf 81' lang='lat' dir='ltr'>urbemque</span> <span class='ocrx_word' id='word_1_21' title='bbox 2231 518 2310 580; x_wconf 89' lang='lat' dir='ltr'>ab</span> <span class='ocrx_word' id='word_1_22' title='bbox 2358 515 2682 581; x_wconf 76' lang='lat' dir='ltr'>obsidione</span> 
     </span>
     <span class='ocr_line' id='line_1_4' title="bbox 333 621 2680 707; baseline 0 -20"><span class='ocrx_word' id='word_1_23' title='bbox 333 621 774 689; x_wconf 89' lang='lat' dir='ltr'>liberaturum.</span> <span class='ocrx_word' id='word_1_24' title='bbox 845 624 1049 706; x_wconf 88' lang='lat' dir='ltr'>Rapta</span> <span class='ocrx_word' id='word_1_25' title='bbox 1092 623 1307 707; x_wconf 87' lang='lat' dir='ltr'>itaque</span> <span class='ocrx_word' id='word_1_26' title='bbox 1353 623 1624 706; x_wconf 82' lang='lat' dir='ltr'>bipenne</span> <span class='ocrx_word' id='word_1_27' title='bbox 1656 625 1828 688; x_wconf 71' lang='lat' dir='ltr'>ceria</span> <span class='ocrx_word' id='word_1_28' title='bbox 1872 622 2171 687; x_wconf 87' lang='lat' dir='ltr'>victoriae</span> <span class='ocrx_word' id='word_1_29' title='bbox 2214 622 2453 687; x_wconf 89' lang='lat' dir='ltr'>fiducia</span> <span class='ocrx_word' id='word_1_30' title='bbox 2481 623 2680 688; x_wconf 89' lang='lat' dir='ltr'>fretus</span> 
     </span>
     <span class='ocr_line' id='line_1_5' title="bbox 329 728 2682 814; baseline 0 -20"><span class='ocrx_word' id='word_1_31' title='bbox 329 731 583 811; x_wconf 90' lang='lat' dir='ltr'>portam</span> <span class='ocrx_word' id='word_1_32' title='bbox 626 729 1089 814; x_wconf 85' lang='lat' dir='ltr'>Ludgerianam</span> <span class='ocrx_word' id='word_1_33' title='bbox 1108 733 1131 769; x_wconf 85' lang='lat'>¹</span> <span class='ocrx_word' id='word_1_34' title='bbox 1177 729 1363 795; x_wconf 67' lang='lat' dir='ltr'>&#39;cum</span> <span class='ocrx_word' id='word_1_35' title='bbox 1408 729 1950 795; x_wconf 68' lang='lat' dir='ltr'>commilitonibus</span> <span class='ocrx_word' id='word_1_36' title='bbox 1994 748 2119 793; x_wconf 92' lang='lat' dir='ltr'>non</span> <span class='ocrx_word' id='word_1_37' title='bbox 2165 729 2258 793; x_wconf 89' lang='lat' dir='ltr'>ita</span> <span class='ocrx_word' id='word_1_38' title='bbox 2298 728 2520 793; x_wconf 89' lang='lat' dir='ltr'>multis</span> <span class='ocrx_word' id='word_1_39' title='bbox 2569 748 2682 794; x_wconf 89' lang='lat' dir='ltr'>au-</span> 
     </span>
     <span class='ocr_line' id='line_1_6' title="bbox 333 834 2683 920; baseline 0 -21"><span class='ocrx_word' id='word_1_40' title='bbox 333 834 553 900; x_wconf 89' lang='lat' dir='ltr'>dacius</span> <span class='ocrx_word' id='word_1_41' title='bbox 601 854 790 919; x_wconf 89' lang='lat' dir='ltr'>quam</span> <span class='ocrx_word' id='word_1_42' title='bbox 836 835 1212 919; x_wconf 90' lang='lat' dir='ltr'>prudentius</span> <span class='ocrx_word' id='word_1_43' title='bbox 1259 839 1323 901; x_wconf 91' lang='lat' dir='ltr'>et</span> <span class='ocrx_word' id='word_1_44' title='bbox 1369 835 1592 901; x_wconf 90' lang='lat' dir='ltr'>maiori</span> <span class='ocrx_word' id='word_1_45' title='bbox 1639 836 1895 920; x_wconf 91' lang='lat' dir='ltr'>quidem</span> <span class='ocrx_word' id='word_1_46' title='bbox 1941 836 2169 917; x_wconf 90' lang='lat' dir='ltr'>animo,</span> <span class='ocrx_word' id='word_1_47' title='bbox 2242 854 2434 918; x_wconf 90' lang='lat' dir='ltr'>quam</span> <span class='ocrx_word' id='word_1_48' title='bbox 2481 835 2536 900; x_wconf 91' lang='lat' dir='ltr'>si</span> <span class='ocrx_word' id='word_1_49' title='bbox 2582 835 2683 900; x_wconf 92' lang='lat' dir='ltr'>in-</span> 
     </span>
     <span class='ocr_line' id='line_1_7' title="bbox 329 941 2683 1026; baseline 0.001 -21"><span class='ocrx_word' id='word_1_50' title='bbox 329 943 585 1022; x_wconf 88' lang='lat' dir='ltr'>gentem</span> <span class='ocrx_word' id='word_1_51' title='bbox 631 943 974 1008; x_wconf 82' lang='lat' dir='ltr'>exercitum</span> <span class='ocrx_word' id='word_1_52' title='bbox 1020 945 1384 1026; x_wconf 77' lang='lat' dir='ltr'>sequentem</span> <span class='ocrx_word' id='word_1_53' title='bbox 1429 941 1715 1024; x_wconf 87' lang='lat' dir='ltr'>haberet,</span> <span class='ocrx_word' id='word_1_54' title='bbox 1786 942 2109 1025; x_wconf 90' lang='lat' dir='ltr'>egreditur</span> <span class='ocrx_word' id='word_1_55' title='bbox 2175 942 2543 1025; x_wconf 79' lang='lat' dir='ltr'>hostemque</span> <span class='ocrx_word' id='word_1_56' title='bbox 2587 941 2683 1007; x_wconf 87' lang='lat' dir='ltr'>la-</span> 
     </span>
     <span class='ocr_line' id='line_1_8' title="bbox 330 1048 2684 1132; baseline 0.001 -21"><span class='ocrx_word' id='word_1_57' title='bbox 330 1065 572 1113; x_wconf 82' lang='lat' dir='ltr'>cessere</span> <span class='ocrx_word' id='word_1_58' title='bbox 618 1050 682 1113; x_wconf 92' lang='lat' dir='ltr'>et</span> <span class='ocrx_word' id='word_1_59' title='bbox 747 1069 811 1114; x_wconf 86' lang='lat' dir='ltr'>se</span> <span class='ocrx_word' id='word_1_60' title='bbox 858 1049 1212 1115; x_wconf 79' lang='lat' dir='ltr'>discrimini</span> <span class='ocrx_word' id='word_1_61' title='bbox 1280 1069 1582 1132; x_wconf 82' lang='lat' dir='ltr'>exponere</span> <span class='ocrx_word' id='word_1_62' title='bbox 1652 1049 1857 1114; x_wconf 89' lang='lat' dir='ltr'>audet.</span> <span class='ocrx_word' id='word_1_63' title='bbox 1951 1049 2080 1113; x_wconf 90' lang='lat' dir='ltr'>Nec</span> <span class='ocrx_word' id='word_1_64' title='bbox 2148 1048 2378 1113; x_wconf 79' lang='lat' dir='ltr'>desunt</span> <span class='ocrx_word' id='word_1_65' title='bbox 2444 1048 2684 1113; x_wconf 88' lang='lat' dir='ltr'>interea</span> 
     </span>
     <span class='ocr_line' id='line_1_9' title="bbox 327 1153 2682 1238; baseline 0 -21"><span class='ocrx_word' id='word_1_66' title='bbox 327 1155 729 1236; x_wconf 82' lang='lat' dir='ltr'>spectatores,</span> <span class='ocrx_word' id='word_1_67' title='bbox 780 1155 892 1238; x_wconf 90' lang='lat' dir='ltr'>qui</span> <span class='ocrx_word' id='word_1_68' title='bbox 937 1154 1014 1220; x_wconf 93' lang='lat' dir='ltr'>de</span> <span class='ocrx_word' id='word_1_69' title='bbox 1060 1155 1326 1220; x_wconf 87' lang='lat' dir='ltr'>victoria</span> <span class='ocrx_word' id='word_1_70' title='bbox 1370 1154 1736 1219; x_wconf 83' lang='lat' dir='ltr'>dubitantes</span> <span class='ocrx_word' id='word_1_71' title='bbox 1782 1153 2203 1219; x_wconf 86' lang='lat' dir='ltr'>temeritatem</span> <span class='ocrx_word' id='word_1_72' title='bbox 2250 1154 2524 1219; x_wconf 91' lang='lat' dir='ltr'>hominis</span> <span class='ocrx_word' id='word_1_73' title='bbox 2570 1153 2682 1219; x_wconf 89' lang='lat' dir='ltr'>ad-</span> 
     </span>
     <span class='ocr_line' id='line_1_10' title="bbox 329 1259 2677 1345; baseline 0.001 -21"><span class='ocrx_word' id='word_1_74' title='bbox 329 1261 716 1325; x_wconf 82' lang='lat' dir='ltr'>mirarentur</span> <span class='ocrx_word' id='word_1_75' title='bbox 784 1263 970 1345; x_wconf 89' lang='lat' dir='ltr'>atque</span> <span class='ocrx_word' id='word_1_76' title='bbox 1030 1261 1123 1326; x_wconf 91' lang='lat' dir='ltr'>rei</span> <span class='ocrx_word' id='word_1_77' title='bbox 1169 1263 1464 1325; x_wconf 89' lang='lat' dir='ltr'>eventum</span> <span class='ocrx_word' id='word_1_78' title='bbox 1524 1259 1590 1325; x_wconf 90' lang='lat' dir='ltr'>in</span> <span class='ocrx_word' id='word_1_79' title='bbox 1640 1278 1863 1344; x_wconf 83' lang='lat' dir='ltr'>aggere</span> <span class='ocrx_word' id='word_1_80' title='bbox 1933 1260 2192 1324; x_wconf 82' lang='lat' dir='ltr'>solliciti</span> <span class='ocrx_word' id='word_1_81' title='bbox 2260 1262 2677 1343; x_wconf 84' lang='lat' dir='ltr'>expectarent.</span> 
     </span>
     <span class='ocr_line' id='line_1_11' title="bbox 328 1367 2681 1433; baseline 0 -2"><span class='ocrx_word' id='word_1_82' title='bbox 328 1367 560 1432; x_wconf 87' lang='lat' dir='ltr'>Hostes</span> <span class='ocrx_word' id='word_1_83' title='bbox 606 1387 752 1432; x_wconf 90' lang='lat' dir='ltr'>vero</span> <span class='ocrx_word' id='word_1_84' title='bbox 799 1369 1169 1432; x_wconf 91' lang='lat' dir='ltr'>catervatim</span> <span class='ocrx_word' id='word_1_85' title='bbox 1215 1367 1405 1433; x_wconf 85' lang='lat' dir='ltr'>exciti</span> <span class='ocrx_word' id='word_1_86' title='bbox 1449 1386 1683 1432; x_wconf 88' lang='lat' dir='ltr'>novum</span> <span class='ocrx_word' id='word_1_87' title='bbox 1732 1367 1931 1432; x_wconf 91' lang='lat' dir='ltr'>istum</span> <span class='ocrx_word' id='word_1_88' title='bbox 1978 1368 2338 1433; x_wconf 88' lang='lat' dir='ltr'>Samsonem</span> <span class='ocrx_word' id='word_1_89' title='bbox 2385 1386 2532 1432; x_wconf 90' lang='lat' dir='ltr'>cum</span> <span class='ocrx_word' id='word_1_90' title='bbox 2577 1387 2681 1432; x_wconf 86' lang='lat' dir='ltr'>ex-</span> 
     </span>
     <span class='ocr_line' id='line_1_12' title="bbox 327 1472 2677 1558; baseline 0.001 -22"><span class='ocrx_word' id='word_1_91' title='bbox 327 1472 652 1554; x_wconf 88' lang='lat' dir='ltr'>peditione</span> <span class='ocrx_word' id='word_1_92' title='bbox 699 1492 815 1538; x_wconf 89' lang='lat' dir='ltr'>sua</span> <span class='ocrx_word' id='word_1_93' title='bbox 843 1475 1086 1539; x_wconf 90' lang='lat' dir='ltr'>urbana</span> <span class='ocrx_word' id='word_1_94' title='bbox 1130 1473 1411 1558; x_wconf 91' lang='lat' dir='ltr'>undique</span> <span class='ocrx_word' id='word_1_95' title='bbox 1457 1473 1768 1538; x_wconf 86' lang='lat' dir='ltr'>invadunt</span> <span class='ocrx_word' id='word_1_96' title='bbox 1813 1481 2000 1557; x_wconf 91' lang='lat' dir='ltr'>atque</span> <span class='ocrx_word' id='word_1_97' title='bbox 2032 1473 2125 1538; x_wconf 92' lang='lat' dir='ltr'>ita</span> <span class='ocrx_word' id='word_1_98' title='bbox 2153 1474 2346 1538; x_wconf 88' lang='lat' dir='ltr'>armis</span> <span class='ocrx_word' id='word_1_99' title='bbox 2395 1475 2677 1557; x_wconf 86' lang='lat' dir='ltr'>cingunt,</span> 
     </span>
     <span class='ocr_line' id='line_1_13' title="bbox 325 1579 2675 1663; baseline 0.001 -22"><span class='ocrx_word' id='word_1_100' title='bbox 325 1580 405 1642; x_wconf 89' lang='lat' dir='ltr'>ut</span> <span class='ocrx_word' id='word_1_101' title='bbox 451 1579 617 1642; x_wconf 85' lang='lat' dir='ltr'>elabi</span> <span class='ocrx_word' id='word_1_102' title='bbox 663 1579 769 1644; x_wconf 82' lang='lat' dir='ltr'>vix</span> <span class='ocrx_word' id='word_1_103' title='bbox 813 1582 1084 1663; x_wconf 89' lang='lat' dir='ltr'>possent.</span> <span class='ocrx_word' id='word_1_104' title='bbox 1179 1580 1296 1645; x_wconf 91' lang='lat' dir='ltr'>Ille</span> <span class='ocrx_word' id='word_1_105' title='bbox 1344 1599 1488 1663; x_wconf 91' lang='lat' dir='ltr'>ergo</span> <span class='ocrx_word' id='word_1_106' title='bbox 1534 1580 1774 1644; x_wconf 87' lang='lat' dir='ltr'>frustra</span> <span class='ocrx_word' id='word_1_107' title='bbox 1839 1580 2177 1662; x_wconf 90' lang='lat' dir='ltr'>bipennem</span> <span class='ocrx_word' id='word_1_108' title='bbox 2225 1599 2403 1644; x_wconf 89' lang='lat' dir='ltr'>suam</span> <span class='ocrx_word' id='word_1_109' title='bbox 2447 1581 2675 1662; x_wconf 88' lang='lat' dir='ltr'>movet,</span> 
     </span>
     <span class='ocr_line' id='line_1_14' title="bbox 327 1684 2679 1770; baseline 0.001 -21"><span class='ocrx_word' id='word_1_110' title='bbox 327 1684 570 1750; x_wconf 87' lang='lat' dir='ltr'>frustra</span> <span class='ocrx_word' id='word_1_111' title='bbox 614 1703 681 1749; x_wconf 90' lang='lat' dir='ltr'>se</span> <span class='ocrx_word' id='word_1_112' title='bbox 725 1686 794 1749; x_wconf 91' lang='lat' dir='ltr'>in</span> <span class='ocrx_word' id='word_1_113' title='bbox 839 1686 1058 1770; x_wconf 89' lang='lat' dir='ltr'>fugam</span> <span class='ocrx_word' id='word_1_114' title='bbox 1102 1686 1409 1751; x_wconf 92' lang='lat' dir='ltr'>coniicere</span> <span class='ocrx_word' id='word_1_115' title='bbox 1455 1686 1705 1768; x_wconf 90' lang='lat' dir='ltr'>nititur,</span> <span class='ocrx_word' id='word_1_116' title='bbox 1775 1685 2012 1750; x_wconf 88' lang='lat' dir='ltr'>frustra</span> <span class='ocrx_word' id='word_1_117' title='bbox 2058 1705 2201 1750; x_wconf 90' lang='lat' dir='ltr'>suos</span> <span class='ocrx_word' id='word_1_118' title='bbox 2270 1686 2505 1768; x_wconf 89' lang='lat' dir='ltr'>partim</span> <span class='ocrx_word' id='word_1_119' title='bbox 2550 1687 2679 1751; x_wconf 91' lang='lat' dir='ltr'>iam</span> 
     </span>
     <span class='ocr_line' id='line_1_15' title="bbox 326 1790 2679 1876; baseline 0.001 -22"><span class='ocrx_word' id='word_1_120' title='bbox 326 1790 399 1855; x_wconf 92' lang='lat' dir='ltr'>in</span> <span class='ocrx_word' id='word_1_121' title='bbox 445 1792 662 1874; x_wconf 88' lang='lat' dir='ltr'>fugam</span> <span class='ocrx_word' id='word_1_122' title='bbox 723 1811 970 1858; x_wconf 85' lang='lat' dir='ltr'>aversos</span> <span class='ocrx_word' id='word_1_123' title='bbox 1040 1792 1274 1876; x_wconf 88' lang='lat' dir='ltr'>partim</span> <span class='ocrx_word' id='word_1_124' title='bbox 1322 1792 1558 1857; x_wconf 90' lang='lat' dir='ltr'>occisos</span> <span class='ocrx_word' id='word_1_125' title='bbox 1619 1792 1687 1856; x_wconf 92' lang='lat' dir='ltr'>in</span> <span class='ocrx_word' id='word_1_126' title='bbox 1734 1791 2120 1874; x_wconf 91' lang='lat' dir='ltr'>praesidium</span> <span class='ocrx_word' id='word_1_127' title='bbox 2167 1795 2371 1872; x_wconf 86' lang='lat' dir='ltr'>vocat,</span> <span class='ocrx_word' id='word_1_128' title='bbox 2443 1793 2679 1857; x_wconf 90' lang='lat' dir='ltr'>frustra</span> 
     </span>
     <span class='ocr_line' id='line_1_16' title="bbox 325 1897 2679 1981; baseline 0.001 -20"><span class='ocrx_word' id='word_1_129' title='bbox 325 1897 539 1961; x_wconf 90' lang='lat' dir='ltr'>Patris</span> <span class='ocrx_word' id='word_1_130' title='bbox 586 1898 828 1963; x_wconf 89' lang='lat' dir='ltr'>monita</span> <span class='ocrx_word' id='word_1_131' title='bbox 876 1898 1171 1981; x_wconf 89' lang='lat' dir='ltr'>appellat.</span> <span class='ocrx_word' id='word_1_132' title='bbox 1243 1898 1583 1963; x_wconf 90' lang='lat' dir='ltr'>Misnensis</span> <span class='ocrx_word' id='word_1_133' title='bbox 1630 1898 1800 1962; x_wconf 92' lang='lat' dir='ltr'>enim</span> <span class='ocrx_word' id='word_1_134' title='bbox 1847 1897 2176 1962; x_wconf 90' lang='lat' dir='ltr'>cuiusdam</span> <span class='ocrx_word' id='word_1_135' title='bbox 2222 1897 2449 1963; x_wconf 90' lang='lat' dir='ltr'>militis</span> <span class='ocrx_word' id='word_1_136' title='bbox 2495 1898 2679 1963; x_wconf 88' lang='lat' dir='ltr'>hasta</span> 
     </span>
     <span class='ocr_line' id='line_1_17' title="bbox 325 2003 2677 2087; baseline 0 -20"><span class='ocrx_word' id='word_1_137' title='bbox 325 2005 686 2068; x_wconf 85' lang='lat' dir='ltr'>transactus</span> <span class='ocrx_word' id='word_1_138' title='bbox 735 2004 1042 2069; x_wconf 89' lang='lat' dir='ltr'>sternitur</span> <span class='ocrx_word' id='word_1_139' title='bbox 1061 2006 1102 2069; x_wconf 77' lang='lat'>².</span> <span class='ocrx_word' id='word_1_140' title='bbox 1172 2005 1257 2069; x_wconf 88' lang='lat' dir='ltr'>Et</span> <span class='ocrx_word' id='word_1_141' title='bbox 1287 2024 1432 2069; x_wconf 89' lang='lat' dir='ltr'>cum</span> <span class='ocrx_word' id='word_1_142' title='bbox 1462 2023 1609 2069; x_wconf 88' lang='lat' dir='ltr'>eum</span> <span class='ocrx_word' id='word_1_143' title='bbox 1656 2022 1790 2068; x_wconf 90' lang='lat' dir='ltr'>esse</span> <span class='ocrx_word' id='word_1_144' title='bbox 1836 2004 1915 2068; x_wconf 91' lang='lat' dir='ltr'>ab</span> <span class='ocrx_word' id='word_1_145' title='bbox 1948 2003 2232 2087; x_wconf 88' lang='lat' dir='ltr'>equitatu</span> <span class='ocrx_word' id='word_1_146' title='bbox 2276 2023 2677 2087; x_wconf 87' lang='lat' dir='ltr'>cognoscere-</span> 
     </span>
     <span class='ocr_line' id='line_1_18' title="bbox 323 2109 2676 2194; baseline 0 -20"><span class='ocrx_word' id='word_1_147' title='bbox 323 2111 452 2190; x_wconf 89' lang='lat' dir='ltr'>tur,</span> <span class='ocrx_word' id='word_1_148' title='bbox 502 2110 613 2194; x_wconf 91' lang='lat' dir='ltr'>qui</span> <span class='ocrx_word' id='word_1_149' title='bbox 658 2110 984 2175; x_wconf 88' lang='lat' dir='ltr'>dominum</span> <span class='ocrx_word' id='word_1_150' title='bbox 1048 2111 1486 2175; x_wconf 91' lang='lat' dir='ltr'>Hermannum</span> <span class='ocrx_word' id='word_1_151' title='bbox 1529 2109 1964 2193; x_wconf 89' lang='lat' dir='ltr'>Dungellium,</span> <span class='ocrx_word' id='word_1_152' title='bbox 2035 2109 2246 2174; x_wconf 90' lang='lat' dir='ltr'>virum</span> <span class='ocrx_word' id='word_1_153' title='bbox 2293 2109 2496 2174; x_wconf 86' lang='lat' dir='ltr'>avitae</span> <span class='ocrx_word' id='word_1_154' title='bbox 2541 2109 2676 2193; x_wconf 92' lang='lat' dir='ltr'>pie-</span> 
     </span>
     <span class='ocr_line' id='line_1_19' title="bbox 324 2215 2679 2299; baseline 0 -19"><span class='ocrx_word' id='word_1_155' title='bbox 324 2216 480 2280; x_wconf 86' lang='lat' dir='ltr'>tatis</span> <span class='ocrx_word' id='word_1_156' title='bbox 528 2218 594 2281; x_wconf 90' lang='lat' dir='ltr'>et</span> <span class='ocrx_word' id='word_1_157' title='bbox 639 2216 1022 2282; x_wconf 89' lang='lat' dir='ltr'>venerandae</span> <span class='ocrx_word' id='word_1_158' title='bbox 1070 2216 1433 2298; x_wconf 79' lang='lat' dir='ltr'>senectutiS,</span> <span class='ocrx_word' id='word_1_159' title='bbox 1483 2218 1702 2280; x_wconf 87' lang='lat' dir='ltr'>contra</span> <span class='ocrx_word' id='word_1_160' title='bbox 1733 2216 1832 2280; x_wconf 89' lang='lat' dir='ltr'>ius</span> <span class='ocrx_word' id='word_1_161' title='bbox 1878 2215 2164 2298; x_wconf 90' lang='lat' dir='ltr'>gentium</span> <span class='ocrx_word' id='word_1_162' title='bbox 2196 2217 2260 2280; x_wconf 90' lang='lat' dir='ltr'>et</span> <span class='ocrx_word' id='word_1_163' title='bbox 2304 2215 2679 2299; x_wconf 86' lang='lat' dir='ltr'>promissam</span> 
     </span>
     <span class='ocr_line' id='line_1_20' title="bbox 328 2320 2677 2406; baseline -0 -19"><span class='ocrx_word' id='word_1_164' title='bbox 328 2322 521 2387; x_wconf 91' lang='lat' dir='ltr'>fidem</span> <span class='ocrx_word' id='word_1_165' title='bbox 566 2323 634 2387; x_wconf 93' lang='lat' dir='ltr'>in</span> <span class='ocrx_word' id='word_1_166' title='bbox 680 2324 836 2388; x_wconf 90' lang='lat' dir='ltr'>urbe</span> <span class='ocrx_word' id='word_1_167' title='bbox 898 2322 1277 2406; x_wconf 85' lang='lat' dir='ltr'>spoliaverat</span> <span class='ocrx_word' id='word_1_168' title='bbox 1295 2324 1337 2404; x_wconf 75' lang='lat'>⁸,</span> <span class='ocrx_word' id='word_1_169' title='bbox 1411 2324 1489 2387; x_wconf 92' lang='lat' dir='ltr'>ab</span> <span class='ocrx_word' id='word_1_170' title='bbox 1535 2320 1981 2405; x_wconf 84' lang='lat' dir='ltr'>ingruentibus</span> <span class='ocrx_word' id='word_1_171' title='bbox 2040 2322 2319 2405; x_wconf 90' lang='lat' dir='ltr'>undique</span> <span class='ocrx_word' id='word_1_172' title='bbox 2386 2322 2677 2386; x_wconf 88' lang='lat' dir='ltr'>hostibus</span> 
     </span>
     <span class='ocr_line' id='line_1_21' title="bbox 321 2427 2678 2512; baseline 0 -20"><span class='ocrx_word' id='word_1_173' title='bbox 321 2429 422 2493; x_wconf 90' lang='lat' dir='ltr'>ita</span> <span class='ocrx_word' id='word_1_174' title='bbox 468 2428 849 2512; x_wconf 84' lang='lat' dir='ltr'>discerpitur</span> <span class='ocrx_word' id='word_1_175' title='bbox 895 2450 965 2494; x_wconf 91' lang='lat' dir='ltr'>ac</span> <span class='ocrx_word' id='word_1_176' title='bbox 1009 2429 1308 2510; x_wconf 89' lang='lat' dir='ltr'>laniatur,</span> <span class='ocrx_word' id='word_1_177' title='bbox 1358 2430 1434 2494; x_wconf 87' lang='lat' dir='ltr'>ut</span> <span class='ocrx_word' id='word_1_178' title='bbox 1481 2448 1694 2493; x_wconf 89' lang='lat' dir='ltr'>omnes</span> <span class='ocrx_word' id='word_1_179' title='bbox 1755 2427 2031 2510; x_wconf 90' lang='lat' dir='ltr'>corporis</span> <span class='ocrx_word' id='word_1_180' title='bbox 2092 2428 2490 2511; x_wconf 90' lang='lat' dir='ltr'>compagines</span> <span class='ocrx_word' id='word_1_181' title='bbox 2551 2428 2678 2493; x_wconf 89' lang='lat' dir='ltr'>fre-</span> 
     </span>
     <span class='ocr_line' id='line_1_22' title="bbox 321 2532 2678 2619; baseline -0 -19"><span class='ocrx_word' id='word_1_182' title='bbox 321 2536 668 2618; x_wconf 86' lang='lat' dir='ltr'>quentibus</span> <span class='ocrx_word' id='word_1_183' title='bbox 716 2536 1072 2619; x_wconf 89' lang='lat' dir='ltr'>gladiorum</span> <span class='ocrx_word' id='word_1_184' title='bbox 1117 2534 1355 2601; x_wconf 89' lang='lat' dir='ltr'>ictibus</span> <span class='ocrx_word' id='word_1_185' title='bbox 1403 2534 1748 2600; x_wconf 89' lang='lat' dir='ltr'>dissolutae</span> <span class='ocrx_word' id='word_1_186' title='bbox 1794 2555 1831 2599; x_wconf 89' lang='lat' dir='ltr'>a</span> <span class='ocrx_word' id='word_1_187' title='bbox 1862 2553 1926 2599; x_wconf 88' lang='lat' dir='ltr'>se</span> <span class='ocrx_word' id='word_1_188' title='bbox 1958 2536 2179 2599; x_wconf 91' lang='lat' dir='ltr'>mutuo</span> <span class='ocrx_word' id='word_1_189' title='bbox 2226 2532 2678 2599; x_wconf 85' lang='lat' dir='ltr'>divellerentur</span> 
     </span>
     <span class='ocr_line' id='line_1_23' title="bbox 322 2639 2678 2727; baseline 0 -23"><span class='ocrx_word' id='word_1_190' title='bbox 322 2660 398 2705; x_wconf 85' lang='lat' dir='ltr'>ac</span> <span class='ocrx_word' id='word_1_191' title='bbox 443 2641 749 2707; x_wconf 89' lang='lat' dir='ltr'>intestina</span> <span class='ocrx_word' id='word_1_192' title='bbox 817 2643 990 2727; x_wconf 89' lang='lat' dir='ltr'>largo</span> <span class='ocrx_word' id='word_1_193' title='bbox 1037 2662 1183 2707; x_wconf 91' lang='lat' dir='ltr'>cum</span> <span class='ocrx_word' id='word_1_194' title='bbox 1252 2641 1559 2725; x_wconf 87' lang='lat' dir='ltr'>sanguine</span> <span class='ocrx_word' id='word_1_195' title='bbox 1626 2640 1974 2705; x_wconf 89' lang='lat' dir='ltr'>effluerent.</span> <span class='ocrx_word' id='word_1_196' title='bbox 2068 2639 2387 2705; x_wconf 85' lang='lat' dir='ltr'>Genitalia</span> <span class='ocrx_word' id='word_1_197' title='bbox 2431 2659 2678 2723; x_wconf 89' lang='lat' dir='ltr'>quoque</span> 
     </span>
     <span class='ocr_line' id='line_1_24' title="bbox 322 2746 2674 2830; baseline 0 -18"><span class='ocrx_word' id='word_1_198' title='bbox 322 2746 463 2812; x_wconf 89' lang='lat' dir='ltr'>eius</span> <span class='ocrx_word' id='word_1_199' title='bbox 510 2753 749 2813; x_wconf 86' lang='lat' dir='ltr'>resecta</span> <span class='ocrx_word' id='word_1_200' title='bbox 780 2768 817 2812; x_wconf 90' lang='lat' dir='ltr'>a</span> <span class='ocrx_word' id='word_1_201' title='bbox 846 2749 1228 2830; x_wconf 89' lang='lat' dir='ltr'>quibusdam</span> <span class='ocrx_word' id='word_1_202' title='bbox 1275 2746 1710 2812; x_wconf 86' lang='lat' dir='ltr'>audacissimis</span> <span class='ocrx_word' id='word_1_203' title='bbox 1758 2746 2230 2812; x_wconf 83' lang='lat' dir='ltr'>tenebrionibus</span> <span class='ocrx_word' id='word_1_204' title='bbox 2278 2746 2347 2810; x_wconf 93' lang='lat' dir='ltr'>in</span> <span class='ocrx_word' id='word_1_205' title='bbox 2377 2749 2674 2830; x_wconf 90' lang='lat' dir='ltr'>sequente</span> 
     </span>
     <span class='ocr_line' id='line_1_25' title="bbox 326 2852 2676 2937; baseline -0 -19"><span class='ocrx_word' id='word_1_206' title='bbox 326 2855 509 2919; x_wconf 89' lang='lat' dir='ltr'>nocte</span> <span class='ocrx_word' id='word_1_207' title='bbox 578 2855 913 2937; x_wconf 80' lang='lat' dir='ltr'>propylaeo</span> <span class='ocrx_word' id='word_1_208' title='bbox 985 2854 1270 2920; x_wconf 88' lang='lat' dir='ltr'>versatili</span> <span class='ocrx_word' id='word_1_209' title='bbox 1328 2854 1713 2937; x_wconf 88' lang='lat' dir='ltr'>Aegidianae</span> <span class='ocrx_word' id='word_1_210' title='bbox 1781 2856 1998 2936; x_wconf 90' lang='lat' dir='ltr'>portae</span> <span class='ocrx_word' id='word_1_211' title='bbox 2066 2853 2417 2936; x_wconf 84' lang='lat' dir='ltr'>affiguntur</span> <span class='ocrx_word' id='word_1_212' title='bbox 2432 2853 2476 2917; x_wconf 77' lang='lat'>⁴.</span> <span class='ocrx_word' id='word_1_213' title='bbox 2572 2852 2676 2917; x_wconf 91' lang='lat' dir='ltr'>Sic</span> 
     </span>
    </p>
   </div>
   <div class='ocr_carea' id='block_1_3' title="bbox 325 2998 752 3007">
    <p class='ocr_par' dir='ltr' id='par_1_3' title="bbox 325 2998 752 3007">
     <span class='ocr_line' id='line_1_26' title="bbox 325 2998 752 3007; baseline 0 2068"><span class='ocrx_word' id='word_1_214' title='bbox 325 2998 752 3007; x_wconf 95' lang='lat' dir='ltr'> </span> 
     </span>
    </p>
   </div>
   <div class='ocr_carea' id='block_1_4' title="bbox 319 3063 2677 3578">
    <p class='ocr_par' dir='ltr' id='par_1_4' title="bbox 319 3063 2677 3578">
     <span class='ocr_line' id='line_1_27' title="bbox 322 3063 2675 3136; baseline -0.001 -17"><span class='ocrx_word' id='word_1_215' title='bbox 322 3066 570 3120; x_wconf 82' lang='lat' dir='ltr'>kiirliche</span> <span class='ocrx_word' id='word_1_216' title='bbox 627 3066 877 3121; x_wconf 86' lang='lat' dir='ltr'>zeitliche</span> <span class='ocrx_word' id='word_1_217' title='bbox 913 3066 1268 3136; x_wconf 85' lang='lat' dir='ltr'>Einordnung</span> <span class='ocrx_word' id='word_1_218' title='bbox 1321 3066 1415 3120; x_wconf 84' lang='lat' dir='ltr'>des</span> <span class='ocrx_word' id='word_1_219' title='bbox 1453 3066 1790 3134; x_wconf 85' lang='lat' dir='ltr'>Ereignisses</span> <span class='ocrx_word' id='word_1_220' title='bbox 1843 3066 1933 3119; x_wconf 89' lang='lat' dir='ltr'>bei</span> <span class='ocrx_word' id='word_1_221' title='bbox 1967 3065 2005 3119; x_wconf 88' lang='lat' dir='ltr'><strong>J</strong></span> <span class='ocrx_word' id='word_1_222' title='bbox 2015 3083 2046 3119; x_wconf 95' lang='lat' dir='ltr'>o</span> <span class='ocrx_word' id='word_1_223' title='bbox 2061 3065 2114 3119; x_wconf 93' lang='lat' dir='ltr'>h.</span> <span class='ocrx_word' id='word_1_224' title='bbox 2153 3064 2512 3118; x_wconf 82' lang='lat' dir='ltr'>Fabricius</span> <span class='ocrx_word' id='word_1_225' title='bbox 2549 3063 2675 3117; x_wconf 92' lang='lat' dir='ltr'>Bo-</span> 
     </span>
     <span class='ocr_line' id='line_1_28' title="bbox 319 3152 2677 3211; baseline -0.001 -3"><span class='ocrx_word' id='word_1_226' title='bbox 319 3154 581 3209; x_wconf 85' lang='lat' dir='ltr'>landus</span> <span class='ocrx_word' id='word_1_227' title='bbox 618 3156 703 3209; x_wconf 91' lang='lat' dir='ltr'>Bl.</span> <span class='ocrx_word' id='word_1_228' title='bbox 731 3156 777 3210; x_wconf 88' lang='lat' dir='ltr'>T</span> <span class='ocrx_word' id='word_1_229' title='bbox 805 3162 859 3209; x_wconf 80' lang='lat' dir='ltr'>1v</span> <span class='ocrx_word' id='word_1_230' title='bbox 895 3156 994 3210; x_wconf 83' lang='lat' dir='ltr'>hat</span> <span class='ocrx_word' id='word_1_231' title='bbox 1019 3156 1185 3209; x_wconf 87' lang='lat' dir='ltr'>schon</span> <span class='ocrx_word' id='word_1_232' title='bbox 1222 3156 1438 3211; x_wconf 87' lang='lat' dir='ltr'>Herm.</span> <span class='ocrx_word' id='word_1_233' title='bbox 1476 3155 1920 3209; x_wconf 87' lang='lat' dir='ltr'>Hamelmann</span> <span class='ocrx_word' id='word_1_234' title='bbox 1960 3155 2014 3209; x_wconf 90' lang='lat' dir='ltr'>S.</span> <span class='ocrx_word' id='word_1_235' title='bbox 2039 3155 2175 3207; x_wconf 80' lang='lat'>1223</span> <span class='ocrx_word' id='word_1_236' title='bbox 2201 3153 2460 3207; x_wconf 84' lang='lat' dir='ltr'>bemerkt.</span> <span class='ocrx_word' id='word_1_237' title='bbox 2497 3152 2677 3207; x_wconf 86' lang='lat' dir='ltr'>Ueber</span> 
     </span>
     <span class='ocr_line' id='line_1_29' title="bbox 319 3240 2673 3314; baseline -0 -17"><span class='ocrx_word' id='word_1_238' title='bbox 319 3244 446 3297; x_wconf 83' lang='lat' dir='ltr'>eine</span> <span class='ocrx_word' id='word_1_239' title='bbox 481 3243 699 3297; x_wconf 87' lang='lat' dir='ltr'>Johann</span> <span class='ocrx_word' id='word_1_240' title='bbox 734 3244 981 3314; x_wconf 78' lang='lat' dir='ltr'>Matthys</span> <span class='ocrx_word' id='word_1_241' title='bbox 1036 3261 1125 3297; x_wconf 90' lang='lat' dir='ltr'>am</span> <span class='ocrx_word' id='word_1_242' title='bbox 1160 3244 1312 3313; x_wconf 85' lang='lat' dir='ltr'>Tage</span> <span class='ocrx_word' id='word_1_243' title='bbox 1349 3243 1541 3297; x_wconf 86' lang='lat' dir='ltr'>vorher</span> <span class='ocrx_word' id='word_1_244' title='bbox 1577 3243 1895 3312; x_wconf 84' lang='lat' dir='ltr'>gewordene</span> <span class='ocrx_word' id='word_1_245' title='bbox 1933 3242 2304 3311; x_wconf 83' lang='lat' dir='ltr'>Offenbarung</span> <span class='ocrx_word' id='word_1_246' title='bbox 2359 3240 2569 3295; x_wconf 66' lang='lat' dir='ltr'>erzahlt</span> <span class='ocrx_word' id='word_1_247' title='bbox 2604 3241 2673 3296; x_wconf 87' lang='grc' dir='ltr'>Η.</span> 
     </span>
     <span class='ocr_line' id='line_1_30' title="bbox 321 3330 2675 3400; baseline 0 -15"><span class='ocrx_word' id='word_1_248' title='bbox 321 3330 598 3386; x_wconf 82' lang='lat' dir='ltr'>Gresbeck</span> <span class='ocrx_word' id='word_1_249' title='bbox 633 3349 682 3385; x_wconf 88' lang='lat' dir='ltr'>a.</span> <span class='ocrx_word' id='word_1_250' title='bbox 703 3332 835 3387; x_wconf 87' lang='lat' dir='ltr'>a.O.</span> <span class='ocrx_word' id='word_1_251' title='bbox 891 3332 1048 3386; x_wconf 85' lang='lat' dir='ltr'>Nach</span> <span class='ocrx_word' id='word_1_252' title='bbox 1085 3332 1200 3385; x_wconf 92' lang='lat' dir='ltr'>ihm</span> <span class='ocrx_word' id='word_1_253' title='bbox 1237 3332 1391 3387; x_wconf 85' lang='lat' dir='ltr'>hatte</span> <span class='ocrx_word' id='word_1_254' title='bbox 1429 3331 1646 3385; x_wconf 89' lang='lat' dir='ltr'>Johann</span> <span class='ocrx_word' id='word_1_255' title='bbox 1692 3333 1895 3385; x_wconf 78' lang='lat'>10—20</span> <span class='ocrx_word' id='word_1_256' title='bbox 1920 3330 2214 3400; x_wconf 84' lang='lat' dir='ltr'>Begleiter.</span> <span class='ocrx_word' id='word_1_257' title='bbox 2265 3331 2325 3385; x_wconf 89' lang='lat' dir='ltr'>L.</span> <span class='ocrx_word' id='word_1_258' title='bbox 2350 3330 2675 3385; x_wconf 84' lang='lat' dir='ltr'>Hortensius</span> 
     </span>
     <span class='ocr_line' id='line_1_31' title="bbox 319 3418 2677 3491; baseline -0 -18"><span class='ocrx_word' id='word_1_259' title='bbox 319 3420 478 3489; x_wconf 85' lang='lat' dir='ltr'>giebt</span> <span class='ocrx_word' id='word_1_260' title='bbox 514 3419 678 3474; x_wconf 88' lang='lat' dir='ltr'>deren</span> <span class='ocrx_word' id='word_1_261' title='bbox 705 3420 837 3474; x_wconf 88' lang='lat' dir='ltr'>Zahl</span> <span class='ocrx_word' id='word_1_262' title='bbox 876 3421 975 3474; x_wconf 79' lang='lat' dir='ltr'>auf</span> <span class='ocrx_word' id='word_1_263' title='bbox 1006 3422 1076 3474; x_wconf 88' lang='lat'>30</span> <span class='ocrx_word' id='word_1_264' title='bbox 1114 3438 1183 3475; x_wconf 88' lang='lat' dir='ltr'>an</span> <span class='ocrx_word' id='word_1_265' title='bbox 1219 3421 1332 3474; x_wconf 92' lang='lat' dir='ltr'>und</span> <span class='ocrx_word' id='word_1_266' title='bbox 1368 3420 1654 3491; x_wconf 53' lang='lat' dir='ltr'>berichteh</span> <span class='ocrx_word' id='word_1_267' title='bbox 1692 3419 1811 3473; x_wconf 85' lang='lat' dir='ltr'>dass</span> <span class='ocrx_word' id='word_1_268' title='bbox 1848 3419 2095 3489; x_wconf 82' lang='lat' dir='ltr'>Matthys</span> <span class='ocrx_word' id='word_1_269' title='bbox 2132 3418 2262 3472; x_wconf 86' lang='lat' dir='ltr'>kurz</span> <span class='ocrx_word' id='word_1_270' title='bbox 2287 3419 2479 3473; x_wconf 85' lang='lat' dir='ltr'>vorher</span> <span class='ocrx_word' id='word_1_271' title='bbox 2516 3420 2677 3473; x_wconf 91' lang='lat' dir='ltr'>einen</span> 
     </span>
     <span class='ocr_line' id='line_1_32' title="bbox 319 3507 2084 3578; baseline 0.001 -16"><span class='ocrx_word' id='word_1_272' title='bbox 319 3508 659 3578; x_wconf 81' lang='lat' dir='ltr'>siegreichen</span> <span class='ocrx_word' id='word_1_273' title='bbox 697 3508 911 3563; x_wconf 80' lang='lat' dir='ltr'>Aussall</span> <span class='ocrx_word' id='word_1_274' title='bbox 947 3510 1032 3563; x_wconf 87' lang='lat' dir='ltr'>ins</span> <span class='ocrx_word' id='word_1_275' title='bbox 1070 3509 1386 3563; x_wconf 87' lang='lat' dir='ltr'>Geldrische</span> <span class='ocrx_word' id='word_1_276' title='bbox 1424 3510 1602 3578; x_wconf 86' lang='lat' dir='ltr'>Lager</span> <span class='ocrx_word' id='word_1_277' title='bbox 1639 3508 1892 3578; x_wconf 88' lang='lat' dir='ltr'>gemacht</span> <span class='ocrx_word' id='word_1_278' title='bbox 1927 3507 2084 3563; x_wconf 90' lang='lat' dir='ltr'>habe.</span> 
     </span>
    </p>
   </div>
   <div class='ocr_carea' id='block_1_5' title="bbox 317 3612 2673 4393">
    <p class='ocr_par' dir='ltr' id='par_1_5' title="bbox 317 3612 2673 3863">
     <span class='ocr_line' id='line_1_33' title="bbox 544 3612 2673 3684; baseline -0.001 -15"><span class='ocrx_word' id='word_1_279' title='bbox 544 3614 588 3676; x_wconf 79' lang='lat'>¹)</span> <span class='ocrx_word' id='word_1_280' title='bbox 625 3616 762 3669; x_wconf 89' lang='lat' dir='ltr'>Dass</span> <span class='ocrx_word' id='word_1_281' title='bbox 800 3615 834 3669; x_wconf 92' lang='lat' dir='ltr'><strong>J</strong></span> <span class='ocrx_word' id='word_1_282' title='bbox 838 3632 908 3669; x_wconf 93' lang='lat' dir='ltr'>an</span> <span class='ocrx_word' id='word_1_283' title='bbox 945 3615 1192 3684; x_wconf 77' lang='lat' dir='ltr'>Matthys</span> <span class='ocrx_word' id='word_1_284' title='bbox 1231 3632 1326 3669; x_wconf 87' lang='lat' dir='ltr'>vor</span> <span class='ocrx_word' id='word_1_285' title='bbox 1362 3613 1483 3667; x_wconf 91' lang='lat' dir='ltr'>dem</span> <span class='ocrx_word' id='word_1_286' title='bbox 1520 3613 1887 3682; x_wconf 86' lang='lat' dir='ltr'>Ludgerithor</span> <span class='ocrx_word' id='word_1_287' title='bbox 1931 3613 2182 3683; x_wconf 73' lang='lat' dir='ltr'>getodtet</span> <span class='ocrx_word' id='word_1_288' title='bbox 2218 3614 2415 3681; x_wconf 65' lang='lat' dir='ltr'>winde,</span> <span class='ocrx_word' id='word_1_289' title='bbox 2470 3612 2673 3666; x_wconf 85' lang='lat' dir='ltr'>konnte</span> 
     </span>
     <span class='ocr_line' id='line_1_34' title="bbox 322 3699 2673 3771; baseline -0 -15"><span class='ocrx_word' id='word_1_290' title='bbox 322 3702 503 3757; x_wconf 86' lang='lat' dir='ltr'>Kerss.</span> <span class='ocrx_word' id='word_1_291' title='bbox 541 3720 645 3757; x_wconf 90' lang='lat' dir='ltr'>nur</span> <span class='ocrx_word' id='word_1_292' title='bbox 682 3703 786 3759; x_wconf 88' lang='lat' dir='ltr'>den</span> <span class='ocrx_word' id='word_1_293' title='bbox 811 3704 1240 3757; x_wconf 87' lang='lat' dir='ltr'>Bekenntnissen</span> <span class='ocrx_word' id='word_1_294' title='bbox 1276 3702 1540 3757; x_wconf 88' lang='lat' dir='ltr'>Johann’s</span> <span class='ocrx_word' id='word_1_295' title='bbox 1567 3720 1615 3757; x_wconf 90' lang='lat' dir='ltr'>v.</span> <span class='ocrx_word' id='word_1_296' title='bbox 1641 3702 1846 3756; x_wconf 89' lang='lat' dir='ltr'>Lciden</span> <span class='ocrx_word' id='word_1_297' title='bbox 1885 3702 1957 3771; x_wconf 88' lang='lat' dir='ltr'>(J.</span> <span class='ocrx_word' id='word_1_298' title='bbox 1985 3702 2259 3756; x_wconf 89' lang='lat' dir='ltr'>Niesert</span> <span class='ocrx_word' id='word_1_299' title='bbox 2295 3700 2501 3769; x_wconf 90' lang='lat' dir='ltr'>a.a.O.)</span> <span class='ocrx_word' id='word_1_300' title='bbox 2544 3699 2673 3755; x_wconf 89' lang='lat' dir='ltr'>oder</span> 
     </span>
     <span class='ocr_line' id='line_1_35' title="bbox 317 3791 1828 3863; baseline -0.001 -18"><span class='ocrx_word' id='word_1_301' title='bbox 317 3792 822 3863; x_wconf 84' lang='lat' dir='ltr'>Knipperdolling’s</span> <span class='ocrx_word' id='word_1_302' title='bbox 862 3793 957 3860; x_wconf 88' lang='lat' dir='ltr'>(M.</span> <span class='ocrx_word' id='word_1_303' title='bbox 997 3792 1153 3859; x_wconf 83' lang='lat' dir='ltr'>G.-Q.</span> <span class='ocrx_word' id='word_1_304' title='bbox 1192 3791 1270 3861; x_wconf 90' lang='lat'>11,</span> <span class='ocrx_word' id='word_1_305' title='bbox 1308 3793 1438 3860; x_wconf 84' lang='lat'>404)</span> <span class='ocrx_word' id='word_1_306' title='bbox 1485 3791 1828 3846; x_wconf 89' lang='lat' dir='ltr'>entnehmen.</span> 
     </span>
    </p>

    <p class='ocr_par' dir='ltr' id='par_1_6' title="bbox 537 3879 2066 3951">
     <span class='ocr_line' id='line_1_36' title="bbox 537 3879 2066 3951; baseline -0.001 -16"><span class='ocrx_word' id='word_1_307' title='bbox 537 3879 581 3947; x_wconf 67' lang='grc'>2)</span> <span class='ocrx_word' id='word_1_308' title='bbox 619 3882 731 3935; x_wconf 87' lang='lat' dir='ltr'>Ans</span> <span class='ocrx_word' id='word_1_309' title='bbox 767 3880 836 3936; x_wconf 92' lang='grc' dir='ltr'>Η.</span> <span class='ocrx_word' id='word_1_310' title='bbox 873 3881 1062 3951; x_wconf 92' lang='lat' dir='ltr'>Dorp</span> <span class='ocrx_word' id='word_1_311' title='bbox 1101 3898 1148 3934; x_wconf 87' lang='lat' dir='ltr'>a.</span> <span class='ocrx_word' id='word_1_312' title='bbox 1177 3898 1225 3935; x_wconf 89' lang='lat' dir='ltr'>a.</span> <span class='ocrx_word' id='word_1_313' title='bbox 1252 3881 1315 3936; x_wconf 92' lang='lat' dir='ltr'>O.</span> <span class='ocrx_word' id='word_1_314' title='bbox 1354 3910 1421 3918; x_wconf 94' lang='lat'><strong>—</strong></span> <span class='ocrx_word' id='word_1_315' title='bbox 1460 3880 1505 3949; x_wconf 79' lang='lat'>⁸)</span> <span class='ocrx_word' id='word_1_316' title='bbox 1544 3880 1579 3935; x_wconf 88' lang='lat' dir='ltr'>S</span> <span class='ocrx_word' id='word_1_317' title='bbox 1638 3881 1774 3934; x_wconf 87' lang='lat' dir='ltr'>oben</span> <span class='ocrx_word' id='word_1_318' title='bbox 1812 3880 1866 3935; x_wconf 90' lang='lat' dir='ltr'>S.</span> <span class='ocrx_word' id='word_1_319' title='bbox 1905 3879 2066 3934; x_wconf 71' lang='lat'>5391.</span> 
     </span>
    </p>

    <p class='ocr_par' dir='ltr' id='par_1_7' title="bbox 317 3965 2673 4393">
     <span class='ocr_line' id='line_1_37' title="bbox 537 3965 2671 4039; baseline -0.001 -16"><span class='ocrx_word' id='word_1_320' title='bbox 537 3970 581 4037; x_wconf 81' lang='lat'>⁴)</span> <span class='ocrx_word' id='word_1_321' title='bbox 620 3969 739 4023; x_wconf 90' lang='lat' dir='ltr'>Nur</span> <span class='ocrx_word' id='word_1_322' title='bbox 775 3987 880 4023; x_wconf 87' lang='lat' dir='ltr'>von</span> <span class='ocrx_word' id='word_1_323' title='bbox 916 3970 1098 4025; x_wconf 86' lang='lat' dir='ltr'>Kerss.</span> <span class='ocrx_word' id='word_1_324' title='bbox 1136 3969 1359 4024; x_wconf 71' lang='lat' dir='ltr'>erzahlt.</span> <span class='ocrx_word' id='word_1_325' title='bbox 1418 3969 1543 4039; x_wconf 89' lang='lat' dir='ltr'>Vgl.</span> <span class='ocrx_word' id='word_1_326' title='bbox 1582 3968 1721 4022; x_wconf 86' lang='lat' dir='ltr'>dazu</span> <span class='ocrx_word' id='word_1_327' title='bbox 1759 3968 1863 4023; x_wconf 89' lang='lat' dir='ltr'>den</span> <span class='ocrx_word' id='word_1_328' title='bbox 1899 3968 2124 4023; x_wconf 86' lang='lat' dir='ltr'>Bericht</span> <span class='ocrx_word' id='word_1_329' title='bbox 2159 3968 2228 4022; x_wconf 92' lang='grc' dir='ltr'>Η.</span> <span class='ocrx_word' id='word_1_330' title='bbox 2267 3965 2671 4022; x_wconf 80' lang='lat' dir='ltr'>Gresbeck’s</span> 
     </span>
     <span class='ocr_line' id='line_1_38' title="bbox 317 4054 2669 4127; baseline -0 -17"><span class='ocrx_word' id='word_1_331' title='bbox 317 4073 372 4110; x_wconf 86' lang='lat' dir='ltr'>a.</span> <span class='ocrx_word' id='word_1_332' title='bbox 399 4074 447 4110; x_wconf 86' lang='lat' dir='ltr'>a.</span> <span class='ocrx_word' id='word_1_333' title='bbox 476 4057 558 4124; x_wconf 72' lang='lat'>0..</span> <span class='ocrx_word' id='word_1_334' title='bbox 596 4060 652 4111; x_wconf 87' lang='lat' dir='ltr'>in</span> <span class='ocrx_word' id='word_1_335' title='bbox 692 4058 813 4112; x_wconf 91' lang='lat' dir='ltr'>dem</span> <span class='ocrx_word' id='word_1_336' title='bbox 852 4076 907 4113; x_wconf 89' lang='lat' dir='ltr'>es</span> <span class='ocrx_word' id='word_1_337' title='bbox 944 4059 1137 4113; x_wconf 84' lang='lat' dir='ltr'>heisst:</span> <span class='ocrx_word' id='word_1_338' title='bbox 1183 4058 1394 4124; x_wconf 85' lang='lat' dir='ltr'>„Johan</span> <span class='ocrx_word' id='word_1_339' title='bbox 1429 4057 1696 4111; x_wconf 82' lang='lat' dir='ltr'>Matthias</span> <span class='ocrx_word' id='word_1_340' title='bbox 1733 4062 1901 4111; x_wconf 80' lang='lat' dir='ltr'>woert</span> <span class='ocrx_word' id='word_1_341' title='bbox 1941 4059 2045 4111; x_wconf 89' lang='lat' dir='ltr'>mit</span> <span class='ocrx_word' id='word_1_342' title='bbox 2081 4059 2230 4111; x_wconf 90' lang='lat' dir='ltr'>einer</span> <span class='ocrx_word' id='word_1_343' title='bbox 2266 4058 2480 4127; x_wconf 81' lang='lat' dir='ltr'>spiesen</span> <span class='ocrx_word' id='word_1_344' title='bbox 2518 4054 2669 4109; x_wconf 89' lang='lat' dir='ltr'>doer-</span> 
     </span>
     <span class='ocr_line' id='line_1_39' title="bbox 318 4144 2670 4215; baseline 0 -17"><span class='ocrx_word' id='word_1_345' title='bbox 318 4144 558 4213; x_wconf 81' lang='lat' dir='ltr'>stecken,</span> <span class='ocrx_word' id='word_1_346' title='bbox 595 4146 705 4199; x_wconf 90' lang='lat' dir='ltr'>und</span> <span class='ocrx_word' id='word_1_347' title='bbox 743 4146 812 4199; x_wconf 91' lang='lat' dir='ltr'>do</span> <span class='ocrx_word' id='word_1_348' title='bbox 849 4147 1032 4200; x_wconf 79' lang='lat' dir='ltr'>hewen</span> <span class='ocrx_word' id='word_1_349' title='bbox 1082 4148 1190 4200; x_wconf 85' lang='lat' dir='ltr'>imo</span> <span class='ocrx_word' id='word_1_350' title='bbox 1227 4146 1314 4201; x_wconf 88' lang='lat' dir='ltr'>die</span> <span class='ocrx_word' id='word_1_351' title='bbox 1351 4145 1675 4199; x_wconf 87' lang='lat' dir='ltr'>lansknecht</span> <span class='ocrx_word' id='word_1_352' title='bbox 1712 4145 1816 4198; x_wconf 92' lang='lat' dir='ltr'>den</span> <span class='ocrx_word' id='word_1_353' title='bbox 1852 4145 1957 4215; x_wconf 84' lang='lat' dir='ltr'>kop</span> <span class='ocrx_word' id='word_1_354' title='bbox 1996 4146 2057 4199; x_wconf 85' lang='lat' dir='ltr'>af</span> <span class='ocrx_word' id='word_1_355' title='bbox 2105 4145 2240 4198; x_wconf 91' lang='lat' dir='ltr'>und</span> <span class='ocrx_word' id='word_1_356' title='bbox 2278 4145 2563 4198; x_wconf 84' lang='lat' dir='ltr'>heuwen</span> <span class='ocrx_word' id='word_1_357' title='bbox 2600 4145 2670 4198; x_wconf 91' lang='lat' dir='ltr'>in</span> 
     </span>
     <span class='ocr_line' id='line_1_40' title="bbox 318 4231 2673 4288; baseline 0 -2"><span class='ocrx_word' id='word_1_358' title='bbox 318 4233 400 4286; x_wconf 90' lang='lat' dir='ltr'>do</span> <span class='ocrx_word' id='word_1_359' title='bbox 454 4234 524 4287; x_wconf 90' lang='lat' dir='ltr'>in</span> <span class='ocrx_word' id='word_1_360' title='bbox 578 4233 890 4288; x_wconf 87' lang='lat' dir='ltr'>hondert</span> <span class='ocrx_word' id='word_1_361' title='bbox 944 4235 1233 4288; x_wconf 84' lang='lat' dir='ltr'>stucker</span> <span class='ocrx_word' id='word_1_362' title='bbox 1285 4234 1422 4288; x_wconf 91' lang='lat' dir='ltr'>und</span> <span class='ocrx_word' id='word_1_363' title='bbox 1475 4233 1839 4288; x_wconf 86' lang='lat' dir='ltr'>schmeten</span> <span class='ocrx_word' id='word_1_364' title='bbox 1892 4234 2041 4287; x_wconf 86' lang='lat' dir='ltr'>sick</span> <span class='ocrx_word' id='word_1_365' title='bbox 2095 4231 2446 4288; x_wconf 88' lang='lat' dir='ltr'>darmede.</span> <span class='ocrx_word' id='word_1_366' title='bbox 2533 4233 2673 4287; x_wconf 89' lang='lat' dir='ltr'>Dat</span> 
     </span>
     <span class='ocr_line' id='line_1_41' title="bbox 319 4320 2534 4393; baseline 0.001 -19"><span class='ocrx_word' id='word_1_367' title='bbox 319 4320 562 4376; x_wconf 88' lang='lat' dir='ltr'>hoevet</span> <span class='ocrx_word' id='word_1_368' title='bbox 617 4326 849 4377; x_wconf 86' lang='lat' dir='ltr'>satten</span> <span class='ocrx_word' id='word_1_369' title='bbox 904 4324 1000 4377; x_wconf 88' lang='lat' dir='ltr'>sie</span> <span class='ocrx_word' id='word_1_370' title='bbox 1052 4340 1136 4393; x_wconf 91' lang='lat' dir='ltr'>up</span> <span class='ocrx_word' id='word_1_371' title='bbox 1194 4324 1394 4377; x_wconf 91' lang='lat' dir='ltr'>einen</span> <span class='ocrx_word' id='word_1_372' title='bbox 1449 4321 1921 4377; x_wconf 84' lang='lat' dir='ltr'>tuenstacken</span> <span class='ocrx_word' id='word_1_373' title='bbox 1978 4323 2049 4376; x_wconf 92' lang='lat' dir='ltr'>in</span> <span class='ocrx_word' id='word_1_374' title='bbox 2103 4321 2230 4376; x_wconf 90' lang='lat' dir='ltr'>der</span> <span class='ocrx_word' id='word_1_375' title='bbox 2282 4320 2534 4377; x_wconf 88' lang='lat' dir='ltr'>lucht.“</span> 
     </span>
    </p>
   </div>
   <div class='ocr_carea' id='block_1_6' title="bbox 2707 744 2969 818">
    <p class='ocr_par' dir='ltr' id='par_1_8' title="bbox 2707 744 2969 818">
     <span class='ocr_line' id='line_1_42' title="bbox 2707 744 2969 818; baseline 0.008 -16"><span class='ocrx_word' id='word_1_376' title='bbox 2707 744 2804 818; x_wconf 63' lang='grc' dir='ltr'>Ἴ).</span> <span class='ocrx_word' id='word_1_377' title='bbox 2839 746 2969 804; x_wconf 86' lang='grc'><strong>481.</strong></span> 
     </span>
    </p>
   </div>
  </div>
 </body>
</html>
