3259 5075
592 303 724 368 586
1455 302 1639 367 Anno
1692 303 1862 366 1534
1905 305 2064 368 acta.
2098 379 2103 384 .

807 479 911 543 33.
975 477 1043 544 Si
1088 477 1230 561 quis
1276 479 1406 543 Deo
1477 478 1569 542 sic
1616 476 2019 561 dispensante
2076 479 2153 542 ab
2201 477 2492 544 hostibus
2561 475 2945 545 transfossus

592 587 704 650 aut
749 583 874 649 alia
918 584 1140 668 quavis
1187 583 1429 648 ratione
1476 583 1889 648 obdormierit
1933 583 2003 647 in
2046 584 2338 666 Domino,
2408 585 2572 650 bona
2615 583 2795 648 illius
2841 600 2946 645 re·

590 689 773 772 licta,
821 691 897 754 nt
942 691 1093 754 sunt
1153 708 1352 772 arma,
1400 693 1603 755 vestes
1659 692 1797 772 etc.,
1861 710 2042 755 nemo
2104 710 2217 755 sua
2275 691 2651 755 auctoritate
2713 688 2943 771 capiet,

593 796 702 861 sed
748 795 828 860 ad
870 795 1267 860 Bernardum
1311 795 1951 880 Knipperdollingum
2002 795 2360 878 ensigerum
2401 795 2779 875 deferentur,
2829 792 2942 876 qui

305 917 407 990 *μ
442 918 569 975 493.
595 901 946 967 senioribus
993 920 1066 966 ea
1110 902 1354 983 offeret,
1403 900 1516 966 *ut
1575 901 1834 966 illorum
1902 901 2278 967 auctoritate
2335 901 2501 966 veris
2564 898 2947 965 haeredibus

593 1007 1094 1074 adiudicentur.“

803 1182 958 1248 Inde
1004 1182 1259 1247 retincti
1319 1182 1625 1266 quaedam
1692 1182 1928 1266 scripta
1970 1183 2040 1247 in
2084 1185 2241 1249 urbe
2290 1186 2354 1249 et
2395 1184 2650 1267 publice
2696 1185 2762 1248 et
2807 1182 2945 1265 pri-

589 1290 789 1355 vatim
836 1289 1181 1372 composita
1225 1290 1337 1353 aut
1379 1287 1700 1371 lapidibus
1769 1288 2031 1373 alligata
2076 1290 2344 1354 eiiciunt
2402 1291 2512 1355 aut
2558 1288 2704 1353 telis
2753 1288 2947 1353 affixa

591 1395 659 1459 in
706 1397 908 1460 castra
976 1396 1283 1478 spargunt
1303 1398 1344 1476 ¹,
1415 1395 1490 1459 ut
1550 1394 1870 1459 militibus
1939 1395 2358 1477 persuadeant
2402 1416 2466 1460 se
2511 1415 2636 1461 non
2697 1394 2943 1478 priores

592 1501 832 1566 bellum
874 1500 1197 1583 intulisse,
1270 1501 1370 1566 sed
1425 1501 1549 1565 sibi
1596 1501 1731 1566 sine
1776 1501 1947 1566 iusta
1992 1501 2473 1567 denunciatione
2517 1503 2802 1582 illatum3
2874 1520 2945 1566 se

592 1608 704 1672 aut
746 1606 1184 1689 deprecaturos
1231 1609 1343 1671 aut
1385 1607 1674 1690 legitima
1719 1607 2074 1671 defensione
2142 1607 2504 1690 repulsuros
2549 1609 2948 1691 verbumque

591 1713 736 1795 Dei,
805 1713 972 1797 quod
1017 1713 1181 1797 apud
1231 1732 1297 1778 se
1342 1713 1578 1796 vigeat,
1645 1713 2024 1778 defensuros
2119 1713 2203 1778 Et
2247 1715 2400 1779 haec
2446 1733 2517 1779 eo
2564 1716 2706 1779 astu
2751 1716 2940 1798 atque

593 1819 855 1885 consilio
901 1822 1123 1903 agunt,
1196 1820 1271 1884 ut
1312 1819 1587 1884 militem
1634 1820 1713 1883 ab
1760 1819 2084 1884 obsidione
2153 1822 2287 1884 tam
2339 1822 2589 1886 sanctae
2656 1819 2946 1885 civitatis

591 1927 950 1990 removeant
994 1926 1060 1990 et
1110 1927 1189 1990 ab
1235 1925 1636 2010 oppressione
1705 1927 1838 1990 tam
1903 1926 2156 2009 piorum
2216 1926 2495 1992 virorum
2563 1927 2944 1991 deterreant.

594 2033 789 2113 Quale
833 2033 962 2098 fuit
1004 2034 1188 2116 illud,
1237 2034 1407 2118 quod
1452 2034 1739 2118 sequitur
1757 2036 1808 2099 ²:

696 2209 1044 2291 „Omnibus
1092 2211 1363 2293 popillia,
1412 2211 1841 2295 cuiuscunque
1889 2210 2017 2276 sint
2063 2212 2306 2292 aetatis,
2355 2209 2832 2290 Monasterium,

637 2316 1047 2381 christianam
1092 2316 1414 2382 civitatem
1475 2317 1775 2382 altissimi
1834 2317 1978 2398 Dei,
2051 2317 2375 2383 obsidione
2437 2315 2892 2400 prementibus.

805 2473 1091 2540 Gratiam
1121 2475 1186 2540 et
1228 2474 1726 2541 misericordiam
1766 2478 1830 2541 et
1875 2495 2091 2560 pacem
2123 2495 2161 2541 a
2189 2477 2320 2541 Deo
2351 2475 2538 2540 Patre
2583 2493 2697 2558 per
2726 2473 2947 2539 Iesum

591 2581 936 2661 Christum,
986 2581 1244 2645 unicum
1277 2584 1564 2647 nostrum
1596 2585 1661 2648 ct
1705 2584 1903 2648 totius
1935 2583 2159 2647 mundi
2201 2584 2596 2662 servatorem,
2644 2578 2948 2644 omnibus

591 2687 743 2771 piis,
814 2686 1131 2751 benevolis
1187 2689 1250 2752 et
1311 2688 1691 2753 christianae
1758 2689 2046 2754 veritatis
2115 2687 2504 2754 amatoribus
2571 2686 2938 2770 precamur!

590 2792 841 2873 Audite,
892 2792 1140 2875 populi,
1190 2795 1253 2858 et
1295 2793 1621 2876 percipite,
1692 2793 1949 2859 iuvenes
2009 2812 2327 2876 senesque,
2391 2793 2501 2876 qui
2549 2793 2615 2856 in
2663 2791 2949 2857 circuitu

589 2899 768 2963 urbis
813 2900 1063 2963 nostrae
1110 2901 1316 2964 castra
1360 2899 1619 2965 tenetis!
1689 2899 1850 2965 Cum
1884 2920 1994 2966 nos
2026 2920 2151 2965 non
2184 2900 2389 2965 solum
2435 2917 2670 2982 pacem,
2718 2917 2942 2963 verum

589 3003 782 3069 etiam
826 3003 1177 3070 fraternum
1223 3023 1498 3070 amorem
1543 3004 1610 3069 in
1659 3005 1911 3072 Christo
1958 3025 2102 3071 cum
2149 3004 2527 3090 quibusdam
2571 3003 2945 3069 hominibus

591 3128 663 3174 ex
694 3109 904 3174 animo
949 3110 1178 3176 habere
1224 3110 1669 3193 desideremu3‚
1718 3111 1947 3194 quibus
1983 3111 2337 3177 rationibus
2370 3130 2580 3175 coram
2626 3110 2751 3193 piis
2782 3109 2943 3174 viris

591 3216 796 3299 (taceo
845 3234 1054 3280 coram
1097 3216 1260 3299 Deo)
1309 3215 1683 3297 defendetis,
1755 3216 1924 3300 quod
1970 3219 2188 3282 contra
2234 3217 2501 3300 scriptas
2548 3215 2723 3299 pacis
2768 3216 2945 3299 leges

591 3323 654 3386 et
698 3321 1094 3405 consignatas
1138 3342 1266 3387 non
1310 3320 1554 3386 indicta
1597 3322 1752 3387 belli
1782 3342 1970 3388 causa
2014 3322 2338 3388 obsidione
2384 3322 2662 3388 violenta
2692 3341 2730 3387 a
2758 3322 2945 3386 vobis

588 3426 939 3510 premimur
1000 3429 1188 3511 atque
1249 3426 1639 3493 occidimur?
1730 3428 1850 3494 Sed
1909 3429 2112 3492 iustos
2179 3428 2428 3493 iuvabit
2472 3428 2663 3493 Deus.
2759 3426 2947 3506 Quod

587 3550 733 3597 vero
777 3530 956 3597 vobis
1001 3531 1219 3597 literas
1279 3534 1526 3598 nostras
1572 3533 1919 3614 mittimus,
1989 3533 2108 3597 hac
2154 3532 2232 3597 de
2277 3553 2462 3599 causa
2523 3534 2664 3598 fieri
2710 3551 2939 3617 cogno-

590 3636 775 3702 scite!
868 3636 1203 3720 Speramus
1263 3638 1433 3703 inter
1476 3657 1586 3703 vos
1654 3639 1888 3704 multos
1957 3638 2163 3704 adhuc
2230 3639 2369 3722 pios
2437 3640 2570 3705 fore
2614 3639 2822 3704 Deum
2868 3658 2945 3704 ac

589 3744 930 3809 creatorem
979 3761 1166 3808 suum
1212 3747 1519 3827 amantes,
1591 3743 1704 3828 qui
1749 3746 2016 3809 mortem
2084 3746 2375 3829 oppetere
2420 3744 2678 3826 malint,
2750 3763 2941 3828 quam

805 4007 850 4077 ¹)
889 4008 960 4064 So
998 4007 1239 4063 schreibt
1272 4008 1439 4064 Konr.
1474 4007 1647 4062 Hesse
1685 4024 1773 4062 am
1810 4008 1861 4064 5.
1885 4008 2019 4062 Juni
2056 4024 2154 4062 aus
2191 4008 2315 4062 dem
2350 4008 2530 4079 Lager
2564 4025 2662 4063 vor
2694 4009 2945 4065 Miinster

588 4113 659 4151 an
695 4096 785 4152 die
820 4096 1251 4167 landgraflichen
1285 4096 1426 4151 Bate
1463 4113 1529 4150 zu
1566 4095 1762 4151 Kassel
1802 4096 1897 4165 (M.
1926 4096 2081 4162 G.-Q.
2120 4096 2198 4166 II,
2225 4097 2382 4164 250):
2424 4095 2558 4165 „Ich
2594 4096 2800 4152 senden
2834 4095 2942 4150 uch

587 4184 729 4239 auch
763 4184 854 4239 hei
910 4185 998 4239 ein
1051 4183 1384 4256 buchelgen3
1440 4183 1539 4239 das
1583 4183 1769 4239 wollet
1812 4184 2006 4239 lessen.
2079 4184 2184 4237 Die
2232 4201 2338 4238 von
2374 4185 2625 4239 Munster
2677 4185 2855 4239 haben
2894 4185 2944 4238 ir

589 4270 760 4326 etlich
796 4274 911 4327 eins
948 4271 1101 4342 leger
1135 4274 1378 4343 gesant,“
1453 4270 1560 4327 Die
1597 4272 1924 4327 iibersandte
1963 4271 2169 4327 Schrift
2212 4271 2353 4342 liegt
2388 4272 2512 4327 dem
2549 4272 2950 4343 Originalbrief

583 4360 666 4414 im
701 4359 873 4416 St-A.
909 4361 1172 4430 Marburg
1205 4360 1361 4416 nicht
1393 4359 1548 4415 mehr
1582 4361 1689 4415 bei.
1746 4389 1813 4398 —
1871 4360 1916 4429 ²)
1954 4361 2007 4414 N
2010 4376 2076 4414 ur
2111 4359 2283 4415 durch
2318 4361 2502 4416 Kerss.
2539 4361 2796 4417 bekannt.
