3259 5075
1189 317 1372 385 Anno
1425 319 1595 385 1534
1639 319 1796 384 acta.
2526 317 2653 385 501

317 495 652 580 inquiunt,
718 496 971 580 „impii,
1041 515 1153 562 cur
1197 496 1266 562 in
1310 496 1638 580 impietate
1682 498 1891 562 vestra
1946 496 2185 562 diutius
2253 495 2657 562 sordescitis?

320 602 504 668 Nunc
549 604 802 687 tempus
848 606 945 669 est
1002 603 1454 687 poenitentiae!
1549 602 1798 668 Securis
1845 604 2135 669 arborum
2183 602 2500 668 radicibus
2546 602 2656 668 ad-

322 710 491 775 mota
536 710 650 775 est.
742 710 1135 794 Resipiscite,
1200 710 1582 794 resipiscite!
1673 710 1971 776 Nondum
2025 710 2278 775 Patrem
2334 710 2512 774 vobis
2557 709 2656 774 in-

319 814 569 880 fensum
629 816 1064 902 excidiumque
1109 819 1175 883 et
1217 818 1710 883 internecionem
1774 819 2112 883 extremam
2179 816 2408 882 minari
2465 834 2657 900 agno-

322 921 498 987 scitis
513 922 582 988 ?“
677 923 754 988 Se
799 942 1043 1008 quoque
1087 924 1299 989 videre
1344 924 1665 990 affirmant
1719 924 2038 1008 ingentem
2084 923 2353 988 caerulei
2398 923 2461 988 et
2506 922 2656 987 sub-

319 1027 489 1111 nigri
534 1029 759 1094 coloris
827 1030 1039 1114 ignem
1059 1032 1082 1070 ¹
1129 1030 1394 1096 coelitus
1462 1030 1672 1095 delabi
1739 1032 2059 1114 totamque
2125 1030 2347 1094 urbem
2414 1028 2656 1111 operire

319 1135 572 1218 tamque
603 1136 878 1218 spissum
910 1156 1059 1219 esse,
1093 1144 1168 1202 ut
1195 1137 1403 1202 visum
1436 1155 1561 1201 non
1591 1136 2015 1218 transmittat3
2061 1155 2173 1220 per
2200 1136 2414 1218 ipsum
2443 1135 2656 1198 tamen

319 1239 513 1305 solem
575 1242 756 1307 tanta
800 1243 1087 1308 claritate
1133 1263 1277 1308 suos
1325 1242 1532 1308 radios
1599 1242 2047 1324 transmittere,
2094 1243 2170 1307 ut
2215 1241 2495 1307 omnium
2539 1240 2654 1305 ho-

314 1346 563 1411 minum
608 1367 718 1414 ora
761 1349 830 1414 in
874 1349 1008 1415 foro
1075 1350 1382 1416 stantium
1444 1350 1742 1415 deaurata
1807 1369 1940 1415 esse
2007 1348 2541 1429 existimarentur,
2591 1347 2657 1412 et

317 1471 509 1536 supra
552 1454 766 1539 ignem
809 1456 1020 1521 virum
1064 1456 1205 1522 albo
1251 1476 1408 1540 equo
1467 1457 1846 1521 insidentem
1890 1455 2297 1540 gladiumque
2342 1454 2411 1518 in
2454 1453 2652 1518 inter-

313 1560 482 1625 itum
549 1561 916 1646 impiorum,
984 1562 1539 1647 impoenitentium
1584 1565 1650 1629 et
1694 1563 1955 1628 verbum
1999 1562 2118 1626 Dei
2185 1560 2652 1644 aspernantium

314 1669 702 1751 quatientem
720 1671 761 1735 ².
812 1670 933 1736 Sed
965 1671 1194 1735 horum
1227 1671 1511 1735 omnium
1555 1690 1737 1735 nemo
1768 1672 2056 1735 nostrum
2101 1668 2437 1752 quicquam
2467 1665 2648 1731 vidit.

312 1774 485 1840 Adeo
532 1775 821 1841 diabolus
866 1796 1083 1842 eorum
1128 1777 1340 1842 oculos
1386 1776 1793 1860 praestrinxit
1836 1779 1901 1842 et
1942 1774 2292 1855 fascinavit,
2339 1774 2416 1838 ut
2460 1791 2526 1837 30
2552 1771 2651 1837 vi-

313 1880 458 1947 dere
504 1882 979 1966 arbitrarentur,
1029 1902 1188 1967 quae
1232 1903 1359 1949 non
1403 1883 1718 1966 viderunt,
1779 1882 2013 1964 audire,
2062 1900 2220 1965 quae
2263 1899 2390 1946 non
2434 1878 2649 1945 audie-

311 1990 490 2070 runt,
540 1991 604 2054 et
646 1989 1030 2074 intelligere,
1102 2009 1260 2074 quae
1304 2010 1430 2056 non
1496 1990 1958 2055 intellexerunt.
2049 1990 2288 2053 Domus
2335 1988 2431 2050 est
2474 1985 2652 2049 iuxta

308 2093 544 2178 forum,
615 2115 773 2180 quae
841 2096 1210 2162 deauratum
1275 2098 1518 2180 gallum
1574 2098 1907 2162 ventorum
1971 2094 2247 2160 indicem
2289 2093 2357 2158 in
2404 2110 2648 2158 summo

311 2200 585 2267 culmine
628 2202 886 2269 ferebat.
953 2204 1077 2268 Hic
1122 2203 1366 2269 modico
1398 2204 1558 2268 flatu
1599 2203 1924 2269 interdum
1969 2220 2302 2267 conversus
2350 2199 2501 2264 solis
2546 2216 2648 2263 ra-

309 2305 447 2373 dios
494 2311 778 2392 exceptos
846 2311 1023 2375 tanto
1083 2310 1329 2395 fulgore
1372 2311 1441 2375 in
1487 2310 1700 2376 oculos
1747 2309 2172 2393 spectantium
2226 2303 2649 2372 reverberavit

305 2536 571 2594 landus:
608 2540 793 2595 Motus
828 2541 1062 2596 Monast.
1103 2540 1186 2596 Bl.
1215 2539 1311 2595 Ga
1334 2557 1388 2596 u.
1413 2540 1529 2595 Hl.
1570 2571 1637 2580 —
1674 2541 1736 2595 P.
1762 2540 2131 2595 Plateanus
2169 2537 2378 2594 erzahlt
2410 2534 2497 2591 Bl.
2523 2533 2643 2590 05:

312 2627 535 2693 „Vestes
573 2646 786 2701 quoque
823 2633 1147 2685 consuerant
1181 2629 1353 2685 lineas
1409 2631 1827 2701 sanguineisque
1863 2629 2061 2701 gladiis
2115 2629 2427 2699 pinxerant3
2481 2625 2550 2680 iis
2586 2625 2645 2679 in

308 2719 616 2772 concionem
670 2722 930 2789 tanquam
968 2718 1117 2774 coelo
1168 2719 1414 2774 demissis
1466 2719 1735 2789 prodituri
1770 2718 1988 2773 fuerant
2039 2714 2536 2788 pseudoprophetae
2573 2712 2644 2767 ad

307 2808 564 2861 terrorem
600 2807 1075 2878 mentiendumque
1111 2807 1273 2877 plebi.
1324 2808 1392 2862 Id
1429 2824 1643 2878 quoque
1676 2825 1736 2862 re
1771 2807 1987 2878 prolata
2022 2823 2056 2861 a
2091 2806 2308 2874 femina,
2346 2820 2484 2875 quae
2520 2818 2643 2857 cum

306 2896 501 2950 ceteris
535 2900 712 2951 vestes
749 2897 1070 2965 confecerat,
1115 2896 1414 2951 discussum
1450 2899 1580 2951 est.“

525 2985 567 3055 ι)
603 2985 793 3040 Dieses
847 2986 959 3039 und
1012 2985 1109 3040 das
1147 2985 1422 3055 Folgende
1475 2986 1587 3040 fast
1621 2984 1867 3040 wortlich
1921 3001 2019 3039 aus
2074 2983 2195 3038 dem
2247 2980 2641 3036 Bekenntnisse

300 3072 526 3129 Jakob's
560 3091 666 3128 von
691 3074 1005 3131 Osnabriick
1042 3076 1116 3144 (a.
1137 3092 1185 3129 a.
1205 3075 1267 3130 Ο.
1307 3075 1361 3130 S.
1391 3073 1589 3143 15512),
1625 3092 1706 3129 wo
1731 3072 2089 3143 hinzugefiigt
2123 3073 2219 3126 ist:
2262 3069 2405 3138 „und
2440 3068 2639 3124 30110113

304 3162 381 3216 ist
416 3163 545 3216 zwei
569 3163 701 3217 mall
738 3162 1050 3234 gescheen.“
1100 3163 1220 3218 Von
1256 3163 1501 3233 feurigen
1528 3162 1756 3217 Wolken
1798 3178 1921 3229 „um
1956 3161 2068 3216 und
2105 3165 2228 3214 over
2264 3158 2330 3212 de
2366 3158 2505 3222 stad,
2542 3157 2640 3212 dat

304 3249 371 3304 de
408 3249 660 3305 Christen
696 3268 769 3322 up
807 3251 912 3306 den
947 3252 1187 3307 marckte
1230 3251 1538 3323 gemeindet
1571 3250 1809 3320 1101111011,
1847 3250 1914 3304 110
1950 3249 2236 3304 domhiiscr
2271 3246 2413 3302 unde
2448 3245 2639 3301 umher

304 3339 371 3394 de
407 3339 570 3395 hiiser
603 3341 661 3394 in
698 3339 794 3395 der
828 3340 978 3395 stadt
1013 3339 1226 3395 hedden
1263 3340 1559 3411 gebrandt“
1602 3340 1810 3410 spricht
1845 3339 1984 3394 auch
2019 3338 2419 3393 Rothmann:
2457 3336 2635 3390 Resti-

301 3430 482 3484 tution
520 3446 569 3484 a.
596 3446 646 3485 a.
672 3429 735 3484 Ο.
773 3429 828 3484 S.
872 3430 989 3484 109.
1060 3429 1244 3500 Vergl.
1283 3429 1421 3484 dazu
1469 3428 1615 3484 Joh.
1652 3429 2009 3483 Fabricius
2044 3425 2383 3481 Bolandus
2420 3443 2468 3480 a.
2493 3442 2543 3479 a.
2570 3424 2635 3481 Ο.

299 3518 386 3572 Β1.
427 3517 480 3572 H
499 3518 575 3573 7v,
647 3517 767 3573 Von
804 3517 901 3572 der
934 3517 1252 3588 Auslegung
1300 3518 1392 3573 des
1429 3519 1629 3572 Feuers
1684 3517 1765 3572 als
1803 3518 1950 3571 eines
2004 3515 2239 3583 solchen,
2294 3516 2352 3568 in
2389 3513 2511 3568 dem
2548 3513 2635 3568 1110

298 3606 519 3678 Gegner
553 3606 650 3662 der
685 3606 1080 3662 Wiedertaufer
1115 3607 1458 3662 umkommen
1492 3607 1709 3676 sollten,
1754 3606 2022 3661 berichtet
2056 3605 2109 3660 J.
2146 3603 2320 3674 Klop
2333 3604 2467 3658 risa
2506 3602 2633 3672 (Ge-

300 3696 547 3751 standnis
583 3696 673 3750 bei
707 3696 761 3750 J.
798 3696 1078 3751 Niesert
1114 3713 1163 3750 a.
1190 3713 1239 3752 a.
1266 3696 1329 3751 Ο.
1367 3696 1423 3751 S.
1460 3696 1585 3763 129)
1625 3696 1739 3750 und
1773 3695 1844 3751 Η.
1881 3694 2223 3749 Gresbeck
2260 3693 2314 3748 S.
2354 3693 2421 3747 16
2440 3691 2479 3746 f.

513 3784 558 3854 ²)
593 3784 902 3839 Rothmann
938 3785 1090 3840 fiihrt
1123 3786 1181 3839 in
1218 3784 1314 3839 der
1353 3785 1748 3852 „Restitution“
1789 3802 1841 3839 a.
1866 3801 1915 3839 a.
1941 3782 2004 3839 Ο.
2042 3783 2097 3838 S.
2128 3782 2227 3837 108
2262 3782 2401 3835 110011
2436 3780 2635 3835 andere

300 3872 555 3929 Gesichte
591 3890 689 3929 an:
748 3873 890 3941 „Eth
922 3873 1095 3928 worth
1132 3874 1367 3944 gesehen
1421 3876 1509 3928 ein
1546 3892 1672 3929 man
1724 3875 1829 3928 mit
1864 3874 2012 3928 einer
2063 3870 2265 3943 gulden
2298 3870 2526 3939 kronen,
2565 3868 2634 3924 de

297 3961 475 4018 11011110
512 3964 600 4017 0111
625 3963 821 4017 swerdt
855 3964 912 4016 in
937 3962 1034 4017 der
1067 3963 1290 4017 rechten
1313 3962 1487 4017 handt
1521 3963 1632 4017 und
1671 3964 1758 4017 ein
1782 3962 1933 4017 roide
1967 3963 2025 4016 in
2050 3960 2145 4015 der
2169 3959 2420 4014 anderen.
2473 3957 2632 4013 Noch

297 4050 472 4105 worth
508 4051 741 4122 gesehen
796 4068 927 4122 eyns
963 4069 1115 4106 mans
1151 4051 1308 4107 belde
1343 4053 1402 4106 in
1439 4050 1534 4106 der
1568 4051 1738 4120 lucht,
1788 4051 1886 4105 dat
1919 4049 2097 4105 hadde
2133 4048 2289 4104 beide
2324 4047 2503 4101 hande
2536 4046 2631 4102 vul

296 4139 501 4209 blodes,
539 4140 636 4196 dat
671 4140 765 4195 eth
800 4140 1000 4195 daruth
1037 4141 1186 4212 drop.
1249 4140 1394 4196 Item
1429 4141 1569 4196 noch
1593 4141 1767 4195 worth
1802 4141 1890 4195 ein
1924 4143 2037 4211 wyt
2070 4139 2229 4210 perdt
2264 4139 2321 4192 in
2345 4137 2441 4191 der
2475 4135 2631 4191 lucht

293 4228 549 4299 geschen,
585 4228 684 4283 dar
719 4229 833 4284 sick
870 4229 1022 4284 thom
1057 4229 1293 4285 latesten
1328 4231 1416 4284 ein
1451 4233 1640 4301 ruyter
1673 4247 1746 4300 up
1770 4229 1942 4285 sadt.“
1993 4229 2114 4284 Von
2150 4227 2296 4282 allen
2331 4227 2434 4282 den
2461 4226 2628 4282 Wun-

294 4317 610 4373 derzeichen
633 4317 734 4373 hat
757 4317 854 4373 1103
883 4318 1238 4389 „Tagebuch“
1266 4319 1319 4373 N
1322 4318 1480 4374 ichts.
1522 4319 1703 4374 Kerss,
1727 4319 1828 4373 hat
1851 4317 2089 4373 einzelne
2114 4317 2392 4372 derselben
2428 4317 2630 4371 bereits

295 4407 356 4462 in
391 4406 488 4463 das
522 4408 573 4462 9.
610 4407 833 4480 Kapitel
869 4409 1047 4464 seiner
1081 4408 1398 4479 Einleitung
1434 4407 1863 4480 aufgenommen.
1934 4408 2061 4479 Vgl.
2096 4406 2198 4464 Β11.
2225 4410 2256 4462 1
2294 4407 2349 4462 S.
2376 4407 2477 4462 123
2496 4405 2537 4461 f.
