3259 5075
410 1509 489 1553 2⁰.
515 1505 629 1550 διο.

656 252 788 317 926
1516 250 1699 316 Anno
1751 251 1923 316 1553
1969 252 2127 316 acta.

657 428 868 493 curiae
913 428 1267 510 praefectus
1313 427 1381 492 in
1428 447 1544 494 sua
1588 426 1768 492 curia
1832 426 2099 492 iubendi
2143 426 2522 511 vetandique
2565 426 3052 491 auctoritatem

655 534 903 599 habeat.
951 533 1138 616 Haec,
1189 553 1335 599 cum
1366 554 1491 599 non
1536 522 1759 617 iniqua
1801 532 2125 617 postulata
2154 552 2287 599 esse
2317 532 2669 614 videantur,
2721 552 2762 596 a
2795 535 3051 597 senatu

657 640 849 705 etiam
905 659 1031 705 non
1092 639 1381 706 consulto
1446 639 1736 723 principe
1806 637 2093 721 permitti
2158 657 2340 722 posse
2403 657 2469 702 se
2514 657 2638 702 non
2698 636 3044 702 dubitare.

656 745 862 826 Quare
923 765 1110 829 super
1168 744 1270 809 his
1317 764 1382 810 se
1428 744 1702 810 clemens
1767 763 2139 827 responsum
2207 743 2575 808 maturrime
2641 743 3042 827 efflagitare,

659 871 782 936 quo
827 851 1002 935 plebi
1045 851 1165 916 hac
1210 851 1347 916 vice
1391 850 1848 934 gratificentur.
1922 849 2001 914 Se
2047 850 2327 915 vicissim
2373 849 2453 914 ad
2498 849 2762 933 quaevis
2809 849 3047 914 officia

656 958 787 1023 fore
832 957 1287 1041 paratissimos.

870 1064 1040 1128 Haec
1088 1062 1328 1146 scripta
1391 1082 1504 1145 per
1546 1061 1948 1128 Gerhardum
1993 1061 2391 1126 Vernheiden
2435 1064 2856 1144 cognomento
2914 1061 3044 1128 Os-

656 1170 823 1251 walt,
875 1170 1286 1251 aurifabrum,
1350 1170 1416 1234 et
1457 1169 1759 1233 Ioannem
1803 1170 1938 1231 tom
1983 1167 2274 1249 Brincke,
2324 1169 2620 1247 sutorem,
2668 1167 2845 1232 viros
2902 1168 3042 1232 lin-

657 1295 815 1360 guae
861 1275 1165 1340 beneficio
1212 1294 1337 1339 non
1370 1274 1735 1356 incelebres,
1783 1272 1863 1337 ad
1894 1273 2219 1338 consulem
2262 1274 2696 1339 Hermannum
2723 1273 3040 1338 Heerden

659 1382 944 1446 omnium
990 1381 1310 1446 curiarum
1354 1379 1608 1445 nomine
1655 1378 2075 1462 perferuntur.
2157 1379 2278 1444 His
2323 1398 2361 1444 a
2406 1382 2628 1445 senatu
2674 1379 2864 1445 lectis
2923 1381 3034 1445 20.

657 1487 938 1552 Ianuarii
986 1486 1077 1551 sic
1124 1505 1496 1569 responsum
1542 1486 1640 1551 est
1659 1488 1709 1550 ¹:
1780 1484 1943 1550 Cum
2002 1488 2255 1550 senatus
2301 1504 2373 1550 ex
2420 1485 2651 1550 oblatis
2720 1485 3034 1550 articulis

659 1593 998 1677 diligenter
1044 1591 1321 1676 pensatis
1369 1591 1854 1675 deprehenderit
1898 1592 1963 1655 et
2007 1592 2366 1673 cognoverit
2414 1592 2506 1656 ita
2544 1610 2646 1656 eos
2701 1609 2840 1656 esse
2891 1590 3036 1656 dis-

658 1699 914 1782 positos,
964 1700 1040 1763 ut
1084 1698 1332 1763 senatui
1379 1699 1637 1782 propter
1680 1697 2122 1781 interpositum
2169 1697 2630 1780 iusiurandum,
2680 1717 2807 1782 quo
2839 1698 3033 1781 prin-

659 1805 789 1888 cipi
835 1824 1025 1888 super
1068 1803 1470 1869 restitutione
1513 1803 1856 1887 impetrata
1899 1803 1987 1869 sit
2030 1803 2392 1884 obstrictus,
2442 1804 2705 1868 minime
2749 1821 2858 1867 eos
2909 1822 3032 1886 ap-

657 1912 922 1995 probare
967 1929 1166 1995 neque
1210 1909 1291 1974 iis
1324 1909 1486 1974 citra
1527 1909 1825 1974 infamiae
1869 1911 2086 1975 notam
2116 1909 2557 1974 auctoritatem
2590 1928 2773 1974 suam
2816 1908 3031 1974 inter-

658 2037 889 2101 ponere
937 2017 1060 2083 sibi
1105 2016 1312 2099 liceat,
1385 2017 1641 2081 senatus
1688 2015 1881 2081 etiam
1927 2015 2053 2081 sibi
2098 2016 2216 2080 hoc
2262 2015 2600 2098 persuadet
2666 2015 3026 2098 praefectos

660 2124 980 2188 curiarum
1027 2142 1092 2188 se
1123 2122 1421 2187 adversus
1469 2122 1787 2206 pactiones
1835 2140 1980 2187 suas
2018 2123 2086 2186 et
2129 2120 2573 2187 iusiurandum
2618 2140 2744 2186 non
2791 2120 3028 2204 degra-

659 2231 944 2312 vaturos,
1015 2229 1250 2294 nedum
1295 2229 1373 2292 ab
1421 2248 1492 2293 eo
1537 2228 1994 2312 postulaturos,
2043 2227 2212 2312 quod
2255 2227 2326 2292 in
2373 2247 2488 2292 sua
2529 2247 2653 2292 non
2702 2227 2793 2292 sit
2839 2229 3027 2310 pote-

657 2337 842 2399 state.
914 2334 983 2400 Si
1027 2354 1172 2399 vero
1220 2334 1520 2417 opificum
1566 2333 1777 2398 curiae
1824 2335 1935 2398 aut
1979 2352 2197 2398 eorum
2243 2333 2547 2418 praefecti
2591 2332 2837 2417 aliquid
2881 2353 3026 2398 am-

659 2440 850 2524 plius,
884 2459 1073 2524 quam
1106 2442 1361 2505 senatus
1394 2439 1725 2524 hucusque
1754 2439 2095 2522 praestitit,
2143 2439 2316 2522 apud
2347 2439 2697 2523 principem
2724 2439 2793 2503 in
2828 2458 3024 2504 suum

655 2546 1059 2612 commodum
1104 2547 1350 2612 efficere
1381 2549 1447 2611 et
1490 2547 1828 2629 impetrare
1872 2546 2134 2629 possint,
2184 2549 2475 2612 senatum
2505 2546 2573 2610 id
2603 2546 2764 2611 ferre
2810 2565 3016 2629 posse,

657 2653 717 2718 si
762 2653 1190 2719 iuramentum
1258 2653 1384 2718 sibi
1429 2653 1794 2718 remittatur
1857 2653 2238 2738 honorisque
2304 2652 2640 2737 integritas
2687 2655 2754 2717 et
2797 2652 3019 2717 existi-

659 2758 856 2825 matio
904 2760 1029 2825 sibi
1073 2763 1325 2826 maneat
1355 2761 1547 2827 salva.
1614 2761 1773 2825 Vult
1817 2761 2009 2826 etiam
2056 2763 2310 2826 senatus
2343 2761 2461 2826 hoc
2491 2779 2789 2843 responso
2835 2779 3018 2843 prae-

657 2865 856 2931 fectos
903 2866 1224 2931 curiarum
1254 2868 1320 2932 et
1364 2867 1683 2951 quoslibet
1725 2885 1919 2949 quam
1949 2867 2437 2952 diligentissime
2473 2866 2828 2932 admonitos
2860 2884 3015 2948 esse,

660 2975 737 3038 ut
782 2973 1049 3057 quisque
1119 2992 1267 3038 suae
1314 2973 1464 3038 fidei
1509 2975 1575 3039 et
1617 2974 2037 3040 iurisiurandi
2100 2993 2339 3039 memor
2383 2973 2450 3038 in
2495 2972 2616 3037 hac
2661 2991 2852 3037 causa
2894 2972 3016 3037 hoc

662 3081 827 3164 agat,
875 3099 954 3144 ne
1000 3078 1148 3144 inde
1194 3079 1322 3145 alia
1363 3080 1779 3162 incommoda,
1828 3080 2169 3163 molestiae,
2226 3080 2510 3164 pericula
2554 3079 2618 3144 et
2663 3077 2871 3143 clades
2916 3097 3016 3143 se—

660 3185 845 3251 natui
887 3187 1002 3251 aut
1045 3185 1443 3269 quibuslibet
1484 3186 1679 3251 huius
1725 3186 1903 3252 urbis
1950 3188 2275 3270 emergant
2326 3186 2553 3251 incolis
2571 3186 2616 3251 ¹.

879 3434 922 3502 ¹)
956 3434 1062 3489 Die
1092 3433 1294 3501 „Korte
1318 3432 1681 3503 antekunge“:
1723 3433 1876 3500 „Den
1913 3433 2149 3487 anderen
2173 3431 2329 3501 dach,
2366 3432 2472 3487 den
2496 3429 2839 3486 donderdach
2871 3429 3014 3485 nach

656 3521 918 3575 Antonii“
963 3521 1070 3589 (19.
1109 3520 1258 3590 Jan.)
1300 3538 1473 3588 „waes
1527 3521 1769 3576 Herman
1803 3520 2017 3575 Heerde
2069 3519 2178 3575 den
2212 3519 2569 3575 naemiddach
2624 3518 2719 3574 tho
2756 3519 2793 3573 3
2826 3517 3016 3590 elegen

662 3610 720 3663 in
755 3612 945 3664 sancto
983 3608 1261 3665 Lamberti
1297 3610 1556 3679 kei-chen,
1610 3608 1725 3663 und
1758 3626 1940 3664 waren
1995 3609 2098 3664 mit
2132 3625 2201 3663 en
2236 3625 2341 3662 van
2377 3608 2536 3662 rades
2571 3623 2759 3679 wegen
2810 3607 3017 3662 Berent

658 3714 766 3752 van
802 3697 996 3767 Oesen,
1045 3696 1285 3753 Herman
1321 3698 1690 3769 Ossenbrugk,
1726 3698 1764 3752 J
1765 3698 1908 3753 ohan
1945 3696 2187 3767 Grutter‚
2239 3697 2352 3751 und
2386 3696 2602 3751 haddon
2637 3713 2742 3767 eyn
2778 3694 3014 3749 schrifft-

660 3785 775 3841 lich
811 3785 1083 3842 antwordt
1119 3802 1191 3857 up
1217 3804 1377 3842 eeren
1412 3787 1780 3858 supplication
1813 3803 1920 3842 van
1945 3786 2052 3842 den
2084 3785 2248 3841 raede
2284 3785 2400 3840 und
2433 3786 2639 3841 sanden
2674 3783 2902 3853 bodden,
2936 3784 3015 3854 by

660 3892 725 3929 se
757 3878 850 3929 toe
885 3875 1079 3930 komen
1133 3875 1209 3931 M.
1247 3874 1422 3930 Gerdt
1456 3874 1748 3945 Ofswaldt,
1803 3875 1841 3929 J
1841 3874 1986 3930 ohan
2021 3875 2176 3930 thom
2208 3874 2461 3930 Brincke.
2531 3874 2640 3932 Die
2672 3889 2865 3928 nemen
2910 3874 3015 3927 mit

658 3963 781 4019 sich
814 3963 1019 4019 Berent
1050 3962 1249 4036 Huige.
1299 3964 1397 4020 Als
1423 3964 1512 4020 die
1534 3981 1611 4020 nu
1646 3965 1738 4020 bie
1759 3965 1840 4020 sie
1875 3980 2123 4036 quemen,
2157 3962 2374 4019 hedden
2407 3962 2526 4018 sich
2558 3961 2821 4034 verhopet
2851 3978 3010 4031 eynes

664 4051 996 4108 fruntlichen
1048 4053 1161 4107 und
1195 4052 1519 4109 trostlichen
1568 4053 1855 4109 antwordt.
1927 4052 2033 4108 Soe
2066 4055 2206 4108 wort
2240 4068 2325 4107 em
2376 4051 2465 4107 die
2498 4049 2816 4122 vergelesen
2850 4048 3009 4105 dorch

660 4157 825 4196 ceren
860 4143 1184 4198 secretarien
1218 4143 1321 4198 wie
1357 4142 1582 4215 folgetf‘

879 4227 928 4298 ³)
963 4231 1069 4285 Die
1107 4230 1311 4297 „Korte
1347 4230 1710 4301 antekunge“:
1770 4229 1917 4297 ¹‚Dat
1962 4227 2260 4284 antwurthz
2313 4226 2522 4282 Dewile
2576 4243 2682 4298 eyn
2716 4226 2866 4282 raidt
2904 4224 3006 4281 uifs

657 4316 982 4389 verleennge
1016 4317 1132 4373 und
1163 4318 1372 4389 flitiger
1394 4333 1717 4390 erwegunge
1737 4317 1838 4373 der
1857 4315 2287 4389 vorgebrachten
2308 4314 2561 4371 artickell
2595 4314 2872 4371 befunden
2901 4311 3009 4369 und
