3259 5075
1239 227 1420 290 Anno
1474 228 1642 291 1534
1689 228 1846 290 acta.
2585 227 2707 288 711

354 401 681 484 publicam
725 401 1256 484 tranquillitatem
1287 401 1419 466 suis
1466 401 1827 484 praestigiis
1875 401 2328 467 labefactantes
2376 406 2440 467 et
2479 402 2713 466 avitam

354 507 508 572 fidei
573 508 917 590 puritatem
992 508 1492 573 contaminantes
1562 508 1689 573 sibi
1757 528 1992 592 suoque
2060 507 2324 573 arbitrio
2394 508 2649 573 tradant
2669 511 2708 572 ¹.

355 613 930 696 Warendorpenses
963 634 1108 679 vero
1154 614 1602 696 pertinaciores
1644 615 1797 680 facti
1830 615 2207 698 respondent
2227 616 2276 678 ²:
2326 614 2507 680 Cives
2538 618 2713 680 metu

352 719 486 783 iam
532 719 879 802 implicitos
948 738 1266 784 armorum
1337 720 1628 785 exercitio
1690 721 1783 785 ita
1828 724 2160 804 occupatos
2208 740 2365 801 esse,
2431 724 2505 785 ut
2549 721 2713 785 nihil

354 826 517 889 certi
563 826 900 890 rescribere
947 826 1198 909 queant.
1268 824 1366 889 Ad
1413 825 1565 890 haee
1614 845 1679 891 se
1711 845 1858 891 cum
1902 826 2238 910 metropoli
2287 846 2400 890 sua
2443 827 2534 891 ita
2564 846 2711 891 con-

357 930 645 1012 sociatoS,
693 931 786 996 ita
817 931 1281 996 confoederatos
1316 932 1379 995 et
1409 931 1532 995 fide
1564 933 1885 997 communi
1931 933 2199 1014 iunctos,
2250 935 2326 997 ut
2356 933 2489 998 sine
2534 933 2710 997 illius

356 1037 621 1101 consilio
668 1057 732 1101 se
779 1039 857 1101 ab
905 1057 978 1102 ea
1022 1037 1241 1102 divelli
1290 1039 1352 1102 et
1399 1038 1672 1103 distrahi
1724 1057 1849 1103 non
1893 1040 2235 1122 patiantur.
2314 1039 2586 1103 Proinde
2631 1040 2708 1104 ad

356 1162 422 1205 se
471 1143 633 1207 bona
678 1144 801 1208 fide
848 1144 1312 1209 concionatores
1360 1163 1398 1207 a
1427 1145 1760 1227 metropoli
1808 1164 1923 1209 sua
1966 1146 2191 1211 missos
2240 1144 2451 1210 *salva
2496 1146 2708 1211 eadem
2737 1163 2762 1192 ⁶¹

354 1248 480 1311 fide
526 1250 800 1332 principi
869 1249 1335 1315 interficiendos
1383 1250 1607 1314 dedere
1655 1270 1779 1314 non
1827 1269 2007 1332 posse
2054 1270 2252 1334 neque
2299 1251 2550 1332 debere,
2601 1251 2709 1315 sed

353 1373 752 1419 communem
817 1357 1030 1437 potius
1092 1376 1237 1420 cum
1286 1376 1357 1420 ea
1412 1356 1732 1421 fortunam
1794 1357 1861 1421 in
1907 1357 2227 1421 communi
2296 1358 2597 1440 religione
2645 1377 2709 1422 se

355 1460 698 1525 subituros.
796 1462 862 1527 Si
909 1464 1122 1526 autem
1167 1462 1463 1544 princeps
1510 1463 1579 1526 in
1625 1462 1836 1526 animo
1892 1463 2121 1526 habeat
2165 1463 2707 1528 concionatoribus

352 1566 435 1631 ad
481 1587 545 1632 se
591 1567 801 1632 missis
869 1569 1224 1651 periculum
1270 1569 1497 1652 capitis
1568 1569 1894 1634 intendere
1955 1570 2214 1652 iureque
2260 1570 2478 1633 contra
2536 1569 2706 1651 ipsos

353 1673 639 1755 experiri,
692 1693 756 1738 se
789 1694 933 1739 suos
980 1675 1047 1738 in
1094 1676 1247 1739 urbe
1296 1694 1410 1740 sua
1453 1675 1692 1740 iudicio
1739 1675 1997 1758 publico
2045 1676 2266 1738 sistere
2312 1673 2492 1753 velle,
2543 1678 2606 1738 et
2653 1675 2706 1738 si

352 1780 683 1844 doctorum
751 1782 1034 1846 virorum
1100 1782 1415 1864 praesidio
1485 1783 1655 1865 ipsos
1717 1781 2086 1862 convicerit,
2154 1800 2267 1863 pro
2328 1781 2593 1845 arbitrio
2639 1782 2708 1845 in

352 1886 523 1967 ipsos
571 1887 1048 1953 animadvertat.

566 1992 868 2075 Princeps
918 1993 1559 2075 Warendorpensium
1628 1993 2045 2076 respondendi
2113 1995 2534 2058 temeritatem
2594 1995 2706 2059 ad-

350 2096 640 2179 miratur,
690 2099 801 2178 qui
848 2098 1055 2163 nullas
1103 2098 1559 2163 admonitiones
1607 2099 2014 2182 quantumvis
2059 2100 2364 2183 benignas
2411 2102 2475 2164 et
2519 2100 2705 2164 fami-

350 2203 539 2267 liares
608 2204 1042 2285 admitterent,
1115 2205 1224 2268 sed
1285 2206 1798 2269 concionatorum
1861 2205 1986 2269 sibi
2046 2205 2472 2270 dedendorum
2519 2225 2707 2270 causa

350 2311 551 2373 totam
582 2328 761 2373 suam
797 2310 1256 2392 rempublicam
1302 2310 1371 2375 in
1401 2311 1760 2393 perieulum
1793 2311 2190 2376 coniicerent.
2248 2312 2461 2376 Armis
2493 2312 2705 2395 itaque

350 2435 509 2498 opus
557 2435 690 2480 esse
736 2420 964 2497 censet,
1023 2417 1253 2499 quibus
1300 2417 1380 2480 ad
1429 2417 1852 2482 obedientiam
1900 2414 2287 2483 revocentur.
2366 2417 2704 2483 Swerhusii

572 2700 607 2765 ¹)
645 2700 748 2753 Die
786 2700 1152 2754 ausfiihrliche
1191 2699 1551 2768 Schilderung
1590 2699 1686 2752 der
1722 2699 2012 2768 Vorgange
2055 2700 2110 2752 in
2149 2699 2475 2753 Warendors
2516 2701 2703 2755 deutet

348 2786 548 2840 darauf
577 2787 698 2855 hin,
755 2787 874 2842 dass
912 2789 1093 2842 Xerse.
1134 2788 1272 2841 auch
1322 2788 1457 2853 hier,
1512 2789 1612 2841 wie
1651 2787 1813 2840 sehon
1871 2787 2070 2854 friiher,
2111 2804 2163 2841 u.
2191 2787 2252 2840 A.
2291 2787 2412 2839 dem
2449 2789 2704 2842 Berichte

348 2876 500 2928 einer
536 2880 779 2942 genauen
808 2876 1045 2931 Chronilr
1073 2877 1167 2930 der
1194 2877 1356 2930 Stadt
1392 2877 1551 2944 folgt.
1589 2877 1715 2945 Vgl.
1743 2876 1830 2928 die
1857 2876 2189 2944 Einleitung.
2237 2875 2302 2928 In
2330 2876 2703 2931 Einzelheiten.

346 2964 574 3017 beriihrt
609 2965 725 3019 sich
763 2968 910 3020 seine
935 2966 1249 3034 Erzahlung
1285 2965 1409 3020 sehr
1444 2965 1585 3019 nahe
1624 2968 1727 3018 mit
1763 2965 1858 3018 der
1895 2965 1988 3019 des
2025 2966 2092 3018 Ι).
2119 2965 2306 3017 Lilie
2345 2966 2399 3019 S.
2425 2966 2529 3018 248
2549 2966 2605 3021 ff.
2633 2995 2700 3006 -

346 3052 450 3104 Ein
475 3052 631 3106 Brief
664 3054 758 3107 des
793 3054 1044 3108 Bischofs
1083 3072 1151 3107 an
1182 3053 1506 3107 Warendorf
1539 3069 1637 3106 aus
1664 3053 1839 3106 dieser
1864 3054 1982 3106 Zeit
2018 3055 2093 3106 ist
2128 3053 2282 3106 nieht
2319 3053 2704 3123 nachweisbar,

346 3141 487 3194 doch
525 3141 762 3196 schreibt
800 3161 858 3197 er
903 3160 991 3197 am
1028 3145 1114 3195 21.
1156 3143 1276 3196 Oct.
1315 3143 1437 3196 dem
1487 3142 1832 3196 Erzbischofe
1869 3159 1970 3195 von
2009 3141 2150 3194 Κό111
2193 3142 2261 3208 (a.
2285 3158 2334 3195 a.
2359 3142 2420 3196 Ο.
2461 3142 2514 3196 S.
2553 3145 2702 3211 262),

344 3228 467 3283 dass
504 3229 591 3284 die
629 3231 1007 3286 Warendorfer
1043 3234 1158 3286 sein
1194 3233 1488 3298 Ansinnen,
1534 3230 1621 3284 die
1659 3230 2024 3284 Predikanten
2063 3230 2390 3284 anzuhalten
2428 3232 2540 3285 und
2578 3249 2704 3286 aus·

345 3318 631 3388 zuliefern,
690 3321 1038 3390 abschlugen.
1110 3322 1320 3376 Ebenso
1377 3321 1509 3375 laist
1547 3338 1605 3374 er
1644 3338 1699 3374 es
1756 3322 1813 3375 in
1852 3322 2029 3375 seiner
2073 3321 2414 3375 Instruktion
2471 3320 2558 3374 fiir
2595 3321 2698 3374 den

343 3407 599 3478 Landtag
637 3425 701 3461 zu
726 3410 901 3463 Ahlen
941 3427 1028 3463 am
1069 3412 1150 3462 10.
1192 3410 1331 3463 Nov.
1370 3415 1658 3479 vortragen
1700 3409 1892 3476 (St-A.
1920 3410 1993 3463 M.
2033 3410 2517 3478 Landtagsakten).
2571 3409 2701 3479 vgl.

342 3496 486 3549 auch
520 3496 590 3551 D.
615 3496 753 3551 Lilie
792 3497 844 3553 S.
874 3499 978 3552 ‘248
1016 3498 1127 3552 und
1164 3498 1251 3551 die
1277 3498 1650 3553 Miinstersche
1675 3498 2150 3552 Bischofschronik
2191 3499 2285 3565 (M.
2309 3499 2464 3564 G.-Q.
2484 3498 2530 3567 Ι,
2550 3498 2700 3564 338).

560 3584 604 3652 ²)
641 3585 707 3639 In
746 3587 841 3640 der
865 3587 1204 3641 Instrulttion
1243 3604 1360 3641 zum
1389 3588 1672 3657 Landtage
1699 3603 1763 3640 zu
1788 3586 1964 3640 Ahlen
2003 3605 2050 3641 a.
2063 3603 2112 3642 a.
2126 3588 2189 3641 Ο.
2225 3587 2394 3641 heisst
2419 3604 2498 3640 es:
2542 3587 2698 3651 „Und

339 3689 423 3726 wo
447 3672 574 3727 wall
611 3690 745 3728 unse
780 3675 1015 3745 gnedige
1043 3675 1154 3741 her,
1195 3676 1294 3729 ock
1333 3693 1377 3730 z.
1403 3675 1440 3729 f.
1469 3694 1519 3746 g.
1554 3674 1720 3729 rhede
1756 3674 1868 3728 und
1903 3673 2261 3729 bevelhebber
2298 3678 2384 3728 tor
2407 3674 2698 3729 Wolbecke

340 3759 411 3814 de
446 3761 797 3830 predicanten
835 3763 946 3817 und
984 3781 1072 3818 ere
1109 3763 1303 3833 hulper
1338 3781 1441 3817 van
1469 3763 1574 3818 den
1611 3781 1716 3817 van
1745 3763 2075 3834 Warendorp
2113 3763 2404 3834 gefordert,
2443 3763 2695 3817 hebben

340 3865 416 3903 ze
454 3850 529 3903 de
566 3850 881 3905 dannoch
919 3870 962 3907 z.
1002 3852 1039 3906 f.
1079 3871 1132 3922 g.
1183 3853 1306 3905 mit
1360 3852 1729 3922 spitziger‚
1783 3851 2286 3921 verhoenliger
2340 3851 2696 3905 antwordt

338 3938 491 3991 voir
527 3940 957 3995 entholden.“
1033 3941 1260 3996 Danaeh
1298 3942 1372 3995 ist
1408 3941 1475 3995 D.
1513 3940 1691 3994 Lilie
1732 3957 1798 3994 zu
1834 3940 2198 4011 berichtigen‚
2237 3940 2333 3994 der
2369 3940 2572 3995 a.a.O.
2612 3957 2692 3994 er·

341 4026 509 4094 zahlt,
548 4027 667 4083 dass
706 4029 794 4083 die
830 4029 1215 4084 bischoflichen
1258 4030 1447 4098 „breve
1484 4029 1805 4083 unachtsam
1843 4028 2288 4083 unbeantwordet
2324 4028 2511 4083 bleven
2549 4028 2694 4082 unde

338 4115 555 4169 worden
612 4117 989 4186 hengelacht.“
1067 4118 1368 4189 Uebrigens
1405 4119 1503 4172 hat
1539 4134 1643 4172 nur
1689 4118 1756 4172 D.
1797 4117 1936 4172 Lilie
1974 4118 2062 4171 die
2097 4118 2288 4187 Notiz,
2344 4117 2431 4171 die
2470 4117 2691 4170 Waren-

340 4203 523 4258 dorfer
563 4204 914 4271 „schiclreden
951 4205 1275 4261 heimeliken
1304 4223 1378 4260 na
1402 4206 1567 4275 Soist,
1605 4207 1986 4276 Ossenbrugge
2012 4206 2154 4260 unde
2180 4206 2466 4274 Coisfelde,
2503 4205 2690 4260 lethen

338 4292 665 4362 error-seben,
702 4310 787 4347 wu
826 4294 893 4348 de
928 4294 1233 4350 handelden
1271 4296 1374 4349 mit
1410 4312 1535 4349 eren
1571 4294 1973 4365 predicantcn.“

2820 1205 2832 1217 .
2870 1163 2994 1219 553.
