3259 5075
586 208 717 271 428
1450 208 1632 272 Anno
1688 208 1856 272 1533
1903 209 2059 272 acta.

585 382 1033 465 invalescebat,
1101 386 1176 449 ut
1218 384 1471 450 Ioannis
1515 383 2006 469 Langermanni,
2075 384 2250 449 Petri
2295 384 2488 449 Frisii
2548 383 2936 468 aliorumque

352 505 393 545 ⁷·
420 501 557 556 sept,
586 489 822 554 civium
870 489 1223 555 infantibus
1277 493 1332 556 7.
1370 491 1756 575 Septembris
1803 491 1868 555 in
1902 488 2217 572 templum
2262 489 2490 555 delatis
2537 491 2936 555 Hermannus

585 595 957 679 Stapradius
990 597 1354 661 Moersanus
1401 595 1793 679 baptismum
1821 596 2153 661 manifeste
2185 598 2443 680 negaret
2462 598 2502 661 ¹.
2572 595 2773 676 Quam
2803 614 2938 660 rem

582 705 835 767 senatus
881 703 1223 786 aegerrime
1264 702 1437 782 tulit,
1487 721 1688 786 neque
1720 703 1889 767 enim
1933 701 2098 766 illud
2145 703 2435 767 futurum
2466 721 2748 786 unquam
2794 721 2936 784 spe-

580 810 807 888 rasset,
857 827 1004 873 cum
1049 828 1123 873 ex
1169 807 1478 891 superiori
1525 808 1864 872 certamine
1908 807 2428 873 Rothmannistas
2473 807 2935 872 infirmioribus

579 913 966 996 argumentis
1013 913 1207 978 inniti
1252 912 1800 978 animadvertisset
1831 914 2020 996 atque
2068 912 2206 978 ideo
2253 914 2618 978 seditiosam
2660 912 2824 977 hanc
2872 914 2937 977 et

579 1022 1039 1085 controversam
1072 1020 1342 1084 duorum
1388 1021 1920 1084 sacramentorum
1970 1018 2322 1084 doctrinam
2364 1019 2577 1102 spargi
2606 1018 2931 1084 vetuisset.

579 1124 784 1205 Quare
831 1126 945 1191 ubi
990 1125 1386 1216 ecclesiastae
1434 1124 1742 1207 superiori
1795 1124 2224 1208 disputatione
2271 1144 2336 1190 se
2381 1125 2583 1191 victos
2629 1144 2761 1190 esse
2806 1144 2935 1191 non

578 1230 927 1297 faterentur
990 1250 1190 1316 neque
1235 1250 1273 1296 a
1318 1250 1433 1296 sua
1477 1231 1764 1297 doctrina
1808 1231 1876 1295 in
1922 1231 2332 1314 magistratus
2392 1233 2825 1314 contemptum
2870 1233 2935 1296 et

578 1336 931 1403 ludibrium
989 1339 1195 1403 latum
1240 1338 1525 1403 culmum
1590 1336 2009 1418 discederent,
2081 1337 2190 1402 sed
2255 1337 2716 1403 haereticorum
2760 1356 2934 1402 more

576 1444 780 1509 multo
830 1443 1301 1527 praefractiores
1358 1444 1767 1510 redderentur
1811 1463 2046 1527 suaque
2093 1442 2478 1527 pertinacius
2526 1444 2933 1509 defenderent

576 1549 926 1634 iisdemque
972 1550 1178 1616 multa
1221 1569 1382 1615 nova
1425 1550 1737 1633 paulatim
1805 1550 2206 1633 affingerent‚
2277 1553 2531 1616 senatus
2579 1550 2783 1615 avitae
2829 1569 2930 1615 ec-

576 1656 801 1721 clesiae
870 1655 1265 1722 institutioni
1310 1661 1376 1720 et
1438 1655 1758 1721 doctrinae
1804 1655 1881 1720 de
1942 1655 2457 1739 paedobaptismo
2525 1656 2732 1720 tutius
2803 1655 2930 1720 sibi

574 1762 1042 1828 adhaerendum
1086 1781 1221 1827 esse
1265 1762 1630 1828 existimans
1662 1761 2169 1827 Rothmannistis
2215 1782 2339 1827 non
2385 1762 2593 1827 solum
2633 1761 2930 1827 omnibus

574 1867 1006 1950 concionibuS,
1086 1888 1307 1934 verum
1374 1869 1567 1934 etiam
1634 1869 1793 1933 urbe
1859 1868 2065 1951 plebei
2136 1868 2545 1952 magistratus
2613 1867 2929 1952 praesidio

571 1974 772 2040 fretus
794 1975 819 2013 ²
863 1974 1024 2039 serio
1071 1975 1415 2041 interdicit.
1487 1972 1623 2053 Quo
1657 1975 1862 2039 edicto
1894 1974 2359 2040 concionatores
2405 1976 2653 2057 praeter
2683 1973 2930 2057 opinio-

571 2099 715 2144 nem
763 2100 942 2145 suam
988 2080 1406 2165 promulgate,
1457 2100 1602 2146 cum
1648 2080 1893 2164 plebeio
1941 2100 2005 2146 se
2046 2081 2257 2146 favore
2300 2081 2580 2146 munitos
2627 2100 2761 2146 esse
2805 2099 2928 2164 pu-

571 2186 797 2267 tarent,
847 2186 1250 2252 vehementer
1296 2187 1532 2270 partim
1576 2187 1948 2269 exacerbati,
2000 2187 2236 2270 partim
2274 2187 2656 2252 consternati
2674 2187 2701 2227 ⁸
2747 2205 2927 2252 sena-

568 2291 709 2355 tum
754 2291 855 2355 his
897 2290 1150 2374 scriptis
1196 2292 1642 2359 adoriuntur⁴2

636 2413 1132 2494 „Seditiosorum
1174 2416 1686 2482 concionatorum
1733 2417 2045 2500 scriptum
2092 2417 2337 2481 senatui
2382 2415 2866 2482 Monasteriensi

311 2536 382 2579 1⁷-
410 2531 542 2588 sept.
1292 2525 1391 2590 17.
1441 2523 1829 2609 Septembris
1875 2524 2202 2590 traditum.

783 2628 1004 2695 Gratia
1047 2648 1085 2694 a
1129 2630 1258 2696 Deo
1304 2630 1520 2712 Patre,
1588 2650 1740 2695 vera
1783 2631 2021 2714 agnitio
2090 2631 2237 2695 Iesu
2281 2629 2522 2696 Christi
2569 2633 2632 2696 et
2674 2629 2924 2694 illumi·

568 2734 741 2798 natio
787 2733 1067 2818 Spiritus
1114 2735 1331 2802 Sancti
1375 2736 1444 2801 in
1492 2756 1742 2802 omnem
1786 2736 2116 2802 veritatem
2164 2736 2251 2801 sit
2296 2736 2638 2802 vobiscum.
2687 2737 2920 2802 Amen!

567 2839 745 2919 Quod
796 2841 1227 2923 superioribus
1280 2842 1454 2908 hisce
1499 2842 1723 2908 diebus
1769 2842 2126 2908 interdictis
2175 2842 2400 2907 vestris
2447 2861 2559 2908 nos
2604 2843 2684 2907 ab
2733 2861 2922 2907 evan-

564 2946 769 3029 gelica
812 2946 1134 3013 functione
1177 2948 1497 3014 terruistis
1543 2967 1616 3014 ac
1649 2951 1806 3014 urbe
1851 2950 2058 3013 vestra
2102 2948 2534 3014 excederemus
2580 2949 2925 3014 crudeliter

564 3053 992 3138 praecepistis,
1041 3054 1303 3120 minime
1348 3073 1794 3139 sperassemus.
1864 3055 2025 3122 Utut
2055 3057 2268 3120 autem
2308 3055 2411 3137 sit,
2461 3073 2775 3138 rogamus,
2824 3056 2919 3136 ut,

782 3299 825 3364 ¹)
861 3299 985 3353 Nur
1019 3299 1190 3359 durch
1227 3301 1411 3356 Keras.
1446 3300 1781 3356 iiberliefert.

779 3384 821 3452 ⁹)
858 3387 970 3442 Der
1004 3388 1115 3443 Rat
1166 3389 1368 3444 konnte
1405 3389 1502 3444 das
1542 3406 1635 3444 um
1672 3406 1731 3444 so
1768 3388 1938 3457 mehr,
1994 3387 2066 3442 da
2100 3388 2199 3443 das
2238 3389 2418 3443 Gebot
2469 3405 2592 3443 vom
2631 3388 2678 3442 7.
2717 3387 2830 3441 und
2864 3387 2920 3442 8.

560 3473 779 3543 August
832 3491 900 3528 an
939 3474 1028 3530 die
1065 3475 1429 3531 Predikanten
1487 3477 1626 3532 auch
1664 3478 1741 3531 im
1777 3476 1830 3531 N
1833 3493 1990 3531 amen
2032 3476 2130 3530 der
2166 3476 2357 3531 Older-
2394 3476 2505 3530 und
2540 3474 2919 3531 Meisterleute

563 3578 835 3632 ergangen
874 3580 985 3617 war
1024 3563 1214 3634 (vergl.
1251 3565 1510 3620 Zeitschr.
1543 3567 1614 3619 ‘20
1652 3563 1840 3635 [1859]
1880 3564 1935 3619 S.
1981 3564 2075 3618 176
2100 3581 2155 3619 u.
2187 3565 2329 3632 194).
2400 3565 2610 3620 Herm.
2648 3563 2918 3619 Hamel-

560 3666 778 3705 mann:
818 3651 900 3705 De
936 3651 1258 3722 paedobapt.
1295 3652 1382 3707 Bl.
1408 3653 1452 3707 E
1470 3654 1534 3707 5*
1568 3654 1814 3709 erwahnt
1850 3652 2063 3708 treilich
2102 3654 2190 3708 die
2213 3653 2567 3725 Mitwirkung
2603 3652 2700 3707 der
2724 3652 2919 3707 Older-

558 3740 671 3793 und
708 3739 1083 3795 Meisterleute
1118 3741 1286 3797 nicht.

773 3827 819 3895 ⁸)
856 3828 928 3884 Es
954 3829 1181 3897 scheint,
1219 3830 1340 3884 dass
1378 3829 1644 3900 Staprade
1681 3831 1771 3885 fiir
1799 3830 1963 3884 kurze
1989 3830 2109 3884 Zeit
2145 3845 2244 3883 aus
2269 3830 2517 3885 Milnster
2551 3830 2652 3884 hat
2673 3829 2918 3885 weicheri

558 3918 791 3984 mussen,
847 3916 989 3971 denn
1028 3917 1116 3972 die
1171 3917 1351 3988 gleich
1386 3934 1492 3972 von
1528 3918 1711 3973 Kerss.
1748 3917 2079 3989 mitgeteilte
2116 3917 2361 3988 Eingabe
2415 3918 2512 3973 der
2545 3918 2917 3973 Predikanten

558 4019 628 4057 an
668 4003 770 4058 den
807 4005 918 4060 Rat
971 4006 1049 4060 ist
1084 4022 1188 4060 von
1235 4005 1349 4060 ihm
1398 4005 1551 4061 nicht
1606 4006 2015 4062 unterzeichnet
2070 4006 2300 4060 worden.
2373 4006 2529 4061 Doch
2565 4006 2709 4061 kann
2763 4008 2916 4062 aeine

556 4091 938 4148 Abwesenheit
973 4093 1128 4147 nicht
1162 4092 1325 4164 lange
1361 4094 1625 4164 gedauert
1660 4094 1857 4164 haben,
1910 4094 2033 4149 weil
2070 4094 2159 4149 die
2195 4094 2434 4151 Vorrede
2471 4112 2538 4149 zu
2574 4094 2671 4150 der
2706 4094 2917 4150 Schrift

562 4177 986 4245 „Bekenntnisse
1022 4197 1124 4235 von
1162 4180 1357 4236 beiden
1395 4180 1830 4251 Sacramenten‚“
1872 4183 2076 4237 datiert
2100 4199 2199 4237 aus
2224 4184 2471 4238 Miinster
2510 4201 2633 4238 vom
2658 4186 2742 4237 22.
2770 4183 2912 4252 Oct„

558 4265 702 4321 auch
736 4270 884 4323 seine
919 4268 973 4322 N
977 4269 1519 4324 amensunterschrift
1553 4274 1723 4342 tragt.
1762 4301 1830 4311 —
1880 4271 1926 4342 ⁴)
1962 4270 2016 4325 N
2019 4287 2084 4325 ur
2120 4269 2290 4326 durch
2325 4272 2507 4327 Kerss.
2544 4272 2802 4327 bekannt.
