3259 5075
1183 280 1363 344 Anno
1419 282 1586 344 1534
1631 282 1786 344 acta.
2523 281 2647 344 747

525 455 735 521 Tertio
782 456 849 520 in
896 455 1117 539 primis
1180 455 1528 520 curandum
1574 475 1736 537 esse,
1785 459 1859 521 ut
1905 456 2095 539 periti
2162 457 2469 540 longoque
2515 458 2648 521 bel-

314 561 521 626 lorum
566 580 689 626 usu
719 561 1037 627 exercitati
1086 563 1149 625 et
1195 562 1399 625 seduli
1447 561 1636 626 duces
1683 562 2000 626 militibus
2045 563 2506 645 praeficiantur.
2566 564 2650 628 Et

315 688 459 733 cum
489 669 807 733 Wilkinus
860 669 1196 753 Stedingus
1243 670 1546 735 hactenus
1598 670 1879 734 omnium
1928 673 2273 735 castrorum
2321 689 2648 754 supremus

313 777 520 840 rector
562 775 774 857 fuerit,
826 777 1044 841 multis
1078 777 1153 840 de
1184 776 1388 841 causis
1436 776 1801 859 imperatori
1847 777 2114 842 militiae
2159 778 2285 842 iam
2325 777 2648 861 designato

314 885 377 946 et
423 885 690 966 quatuor
735 883 836 947 illi
880 902 918 948 a
963 883 1242 948 consiliis
1305 884 1745 964 committitur,
1795 887 1869 947 ut
1914 903 2103 967 quam
2167 884 2652 967 diligentissime

314 989 389 1053 de
434 990 611 1054 illius
674 990 988 1055 industria
1054 989 1413 1073 inquiratur
1456 993 1521 1055 et
1565 991 1684 1070 illi,
1734 1010 1857 1074 quo
1903 991 2131 1074 dignus
2180 990 2403 1071 officio,
2454 991 2648 1056 desti-

314 1098 516 1160 netur.
587 1097 807 1161 Totius
855 1099 1065 1162 autem
1110 1097 1377 1163 militiae
1422 1100 1553 1161 tam
1585 1098 1891 1181 equestris
1939 1117 2128 1181 quam
2173 1098 2479 1181 pedestris
2515 1098 2648 1161 Wi-

314 1201 527 1266 richus
574 1223 777 1269 comes
812 1223 849 1268 a
878 1205 1317 1270 Valckenstein
1364 1224 1435 1269 ac
1481 1205 1774 1270 dominus
1822 1204 1890 1269 in
1919 1206 2253 1270 Uberstein
2298 1205 2649 1270 moderator

315 1327 425 1372 seu
470 1308 810 1391 imperator
841 1311 1206 1395 designatur
1225 1315 1264 1393 ¹,
1315 1317 1390 1376 ut
1421 1315 1705 1395 coeptam
1752 1311 2139 1376 obsidionem
2171 1330 2274 1375 sex
2304 1311 2643 1392 mensibuS,

314 1415 546 1496 quibus
594 1416 897 1482 auxilium
946 1418 1267 1483 decretum
1313 1421 1425 1499 est,
1492 1437 1782 1501 praesens
1832 1418 1899 1483 in
1944 1419 2167 1483 castris
2215 1437 2457 1500 semper
2501 1437 2648 1481 con-

313 1521 547 1603 tinuet,
616 1525 955 1589 nocturnae
1002 1524 1384 1608 diurnaeque
1431 1525 1687 1609 vigiliae
1733 1527 1797 1589 et
1842 1525 2141 1590 stationes
2185 1526 2320 1589 tam
2364 1524 2650 1607 equitum

315 1646 500 1710 quam
546 1629 833 1710 peditum
880 1650 1068 1714 quam
1114 1632 1583 1697 accuratissime
1629 1635 1915 1715 agantur,
1966 1652 2042 1696 ne
2073 1632 2428 1716 quicquam,
2480 1631 2646 1714 quod

313 1732 393 1797 ad
436 1734 765 1816 publicum
811 1739 874 1801 et
932 1738 1252 1820 privatum
1318 1738 1714 1821 imperatoris
1763 1738 2042 1803 officium
2110 1739 2410 1821 pertinet,
2460 1738 2648 1803 omit-

313 1841 507 1905 tatur.
572 1842 740 1905 Huic
785 1847 1055 1925 quatuor
1101 1844 1443 1909 consiliarii
1490 1844 1579 1908 rei
1628 1844 1887 1908 bellicae
1931 1843 2303 1926 peritissimi
2349 1863 2387 1908 a
2430 1845 2647 1908 Trevi-

312 1948 499 2029 rensi,
549 1948 921 2031 Coloniensi,
971 1951 1208 2016 luliaco
1256 1954 1318 2016 et
1348 1952 1548 2016 Hasso
1579 1951 1949 2034 designandi
1994 1950 2445 2033 adiunguntur,
2495 1970 2648 2034 quo-

313 2072 455 2118 rum
502 2075 747 2139 semper
790 2057 971 2121 bin12
1015 2058 1272 2123 alternis
1332 2057 1654 2123 mensibus
1718 2057 1967 2122 consilii
2011 2057 2299 2139 capiendi
2343 2076 2530 2121 causa
2575 2058 2660 2120 de·

312 2162 499 2226 rebus
545 2165 794 2245 praeter
840 2165 1194 2247 opinionem
1240 2165 1398 2229 forte
1445 2164 1870 2229 incidentibus
1919 2164 1985 2227 in
2032 2164 2255 2228 castris
2303 2163 2470 2246 apud
2516 2183 2648 2228 mo-

312 2267 663 2333 deratorem
708 2270 975 2335 militiae
1021 2273 1393 2353 manebunt,
1465 2291 1734 2355 quorum
1781 2271 1971 2336 etiam
2017 2270 2278 2335 consilio
2324 2273 2649 2353 pactorum

312 2362 688 2441 militarium
720 2378 972 2443 articuli
1003 2398 1115 2462 pro
1148 2378 1387 2443 ratione
1421 2378 2040 2443 circumstantiarum
2073 2378 2644 2457 commutabuntur,

311 2481 590 2548 delectus
622 2484 903 2551 militum
926 2485 1279 2567 habebitur,
1307 2489 1512 2551 castra
1536 2485 1901 2552 necessariis
1933 2484 2413 2564 munitionibuS,
2443 2478 2644 2564 133313,

311 2590 663 2672 aggeribuS,
698 2593 976 2658 cratibus
1007 2594 1301 2675 roboreiS,
1352 2594 1684 2659 tormentis
1716 2594 1779 2657 et
1810 2592 2126 2658 similibus
2159 2592 2581 2656 firmabuntur
2597 2590 2641 2654 ⁸.

310 2696 404 2759 Ad
457 2697 609 2761 haec
675 2702 1097 2782 grammateus
1164 2701 1535 2765 exercitatus
1584 2699 2021 2782 designabitur
2037 2700 2082 2780 ⁴,
2154 2698 2262 2780 qui
2312 2697 2646 2761 continuus

311 2801 379 2866 in
427 2803 647 2868 castris
693 2805 878 2888 degat
925 2826 1037 2871 nec
1083 2808 1160 2872 ab
1208 2808 1583 2890 imperatore
1638 2805 1901 2871 recedat.

525 2910 760 2989 Quarto
792 2911 871 2975 ad
903 2913 1420 2978 sustentationem
1467 2912 1771 2977 exercitus
1804 2911 2155 2992 castrensis,
2206 2910 2482 2993 supremi
2515 2928 2650 2973 mo-

312 3015 616 3081 deratoris
648 3020 712 3082 et
742 3021 1011 3102 quatuor
1042 3020 1561 3100 consiliariorum,
1611 3018 1957 3102 quaestoris
1990 3018 2230 3098 aerarii,
2277 3016 2650 3100 grammatei

310 3121 629 3203 militarie,
658 3123 1135 3207 exploratorum,
1163 3126 1538 3191 nunciorum
1562 3125 1952 3208 aliorumque
1984 3123 2445 3208 impendiorum
2470 3123 2653 3206 quin-

527 3390 568 3458 ¹)
608 3390 862 3445 Oberster
896 3389 1367 3460 Fcldhauptmann
1405 3407 1498 3443 vor
1534 3389 1780 3443 Miinster
1831 3405 1942 3442 war
1976 3388 2158 3442 bishcr
2212 3387 2352 3441 nach
2406 3387 2510 3440 den
2546 3387 2649 3441 Be-

313 3480 675 3548 stimmungen
713 3479 806 3532 des
845 3481 1067 3532 zweiten
1104 3479 1281 3547 Tages
1320 3495 1384 3531 zu
1422 3478 1593 3532 Neuss
1650 3495 1737 3532 am
1775 3479 1862 3531 ⁶20.
1898 3477 2029 3531 Juni
2086 3477 2182 3531 der
2215 3476 2443 3531 Bischof
2475 3477 2650 3532 Franz

314 3567 378 3633 (3.
417 3568 553 3622 oben
591 3567 644 3621 S.
684 3569 789 3621 604
824 3568 981 3621 Anm.
1017 3568 1092 3634 2).

525 3657 568 3726 2)
610 3698 654 3723 „.
680 3698 725 3709 ..
766 3656 848 3711 als
885 3656 1154 3711 nemblich
1210 3657 1306 3711 der
1342 3657 1595 3727 Tryrisch
1651 3655 1762 3710 und
1800 3655 2060 3726 Giilg-isch
2116 3655 2227 3709 und
2266 3654 2502 3709 darnach
2555 3654 2651 3708 der

313 3744 563 3800 Colnisch
600 3746 711 3800 und
749 3746 1003 3800 Hessisch
1042 3786 1054 3799 .
1080 3786 1091 3799 .
1114 3747 1159 3800 .“
1214 3745 1318 3801 Die
1354 3746 1494 3800 Rate
1531 3744 1704 3800 3011311
1742 3750 1922 3800 zuerst
1958 3761 2046 3798 3111
2084 3747 2133 3801 6.
2169 3744 2380 3798 Januar
2421 3742 2556 3796 1535
2591 3744 2647 3796 in

312 3834 636 3888 Warendorf
667 3836 799 3889 sein.

525 3922 568 3992 ³)
606 3923 691 3977 Im
715 3923 1015 3979 Abschiede
1051 3923 1219 3978 heisst
1244 3941 1299 3977 es
1339 3925 1544 3977 weiter:
1588 3961 1634 3989 ,,.
1658 3962 1671 3977 .
1692 3961 1706 3975 .
1745 3921 1861 3975 31311
1890 3922 2033 3992 daby
2058 3920 2419 3991 gelegenheit,
2446 3936 2651 3974 wesens

310 4007 420 4065 und
458 4011 672 4066 haltens
710 4011 804 4066 des
841 4012 1204 4083 kriegsvolcks
1242 4010 1551 4082 eygentlich
1590 4010 1921 4080 erkundigen
1967 4010 2078 4064 und
2113 4026 2221 4063 was
2258 4009 2503 4080 mangcls
2538 4009 2650 4063 und

310 4100 829 4170 ungeschicklicheit
864 4101 1122 4156 erfunden
1148 4100 1344 4168 11111113,
1382 4100 1656 4168 dasselbig
1692 4102 1871 4168 sampt
1894 4098 2016 4152 dem
2041 4098 2290 4152 obersten
2316 4113 2435 4151 zum
2460 4098 2650 4152 besten

311 4189 473 4244 keren
510 4189 621 4243 und
650 4189 970 4244 anschicken
997 4230 1011 4243 .
1033 4229 1048 4243 .
1071 4232 1102 4258 .,
1140 4207 1250 4244 was
1288 4190 1416 4244 aber
1451 4190 1556 4243 ires
1594 4188 1854 4242 erhebens
1892 4189 1977 4241 nit
1999 4203 2154 4254 were,
2192 4186 2465 4256 dasselbig
2493 4187 2652 4255 jeder

312 4279 420 4333 zeit
458 4296 526 4333 311
563 4277 650 4332 die
687 4278 1027 4347 obgemelten
1063 4278 1219 4333 311111·-
1256 4279 1366 4333 und
1402 4279 1609 4332 fursten
1650 4293 1716 4330 zu
1739 4277 1986 4346 bringen,
2025 4276 2121 4330 der
2157 4292 2327 4346 gepur
2358 4275 2455 4329 dar
2480 4274 2651 4329 under

312 4385 378 4422 zu
414 4367 719 4439 verfiigcn.“
762 4397 828 4406 -
884 4368 927 4436 ⁴)
966 4368 1091 4423 Und
1130 4385 1269 4423 zwar
1304 4385 1407 4422 von
1445 4367 1628 4422 Sciten
1666 4367 1760 4420 des
1798 4366 2081 4420 Obersten.
