3259 5075
1189 317 1372 381 Anno
1424 316 1595 381 1534
1641 317 1798 382 acta.
2535 316 2662 380 723

318 493 545 557 tollens
591 511 916 557 nummos:
969 491 1322 574 „GratiaS,“
1372 491 1603 574 inquit,
1658 490 1864 574 „agite
1909 490 2087 555 Patri
2124 492 2330 557 vestro
2376 511 2487 574 pro
2520 510 2661 555 mu-

318 617 464 662 nere
508 599 632 663 isto
678 597 839 662 mihi
909 598 1119 679 misso,
1193 597 1297 662 sed
1362 597 1726 662 renunciate
1770 596 1871 660 illi
1916 616 2017 661 me
2066 596 2304 662 vestrae
2371 597 2662 662 factionis

319 722 443 769 non
473 705 631 768 esse!
700 703 1114 769 Metuendum
1144 705 1355 768 autem
1386 704 1501 786 est,
1550 703 1676 768 nisi
1707 703 1885 768 vobis
1932 704 2287 769 accuratius
2332 724 2662 787 prospexe-

318 809 480 890 ritis,
532 829 608 873 ne
655 829 780 873 non
825 808 951 874 ista
994 828 1257 873 munera
1299 808 1477 873 vobis
1524 808 1715 874 exitio
1763 808 1894 873 sint
1937 809 2215 874 futura.“
2283 809 2514 873 Verum
2560 810 2663 874 his

321 915 484 979 nihil
529 917 878 980 moventur.
949 916 1026 979 In
1057 933 1269 979 omnes
1302 914 1470 979 enim
1501 914 1674 979 vicos
1720 915 1898 980 urbis
1930 915 2112 981 effusi
2159 915 2338 999 quasi
2385 920 2662 982 amentes

320 1020 632 1086 cursitant
696 1021 1106 1086 vociferantes
1174 1021 1627 1104 poenitentiam
1687 1024 1750 1086 et
1808 1021 1974 1087 vitae
2043 1021 2387 1104 superioris
2453 1041 2662 1087 emen·

320 1126 656 1207 dationem,
706 1146 860 1209 quos
905 1146 1133 1211 magna
1177 1127 1496 1210 iuvenum,
1550 1126 1851 1210 opificum
1896 1128 2287 1211 aliorumque
2331 1128 2663 1194 hominum

319 1230 601 1297 insuetos
647 1232 947 1297 clamores
1011 1232 1465 1298 admirantium
1508 1233 1856 1298 multitudo
1902 1233 1982 1298 ad
2025 1233 2233 1298 forum
2277 1252 2475 1317 usque
2520 1254 2663 1317 per-

321 1338 609 1419 sequitur
678 1338 1124 1422 concionesque
1186 1339 1366 1403 audit
1384 1342 1426 1403 ¹.
1521 1338 1790 1404 Senatus
1835 1358 1979 1404 vero
2049 1357 2162 1422 per
2206 1339 2457 1404 *iuratos
2517 1359 2663 1405 suos

322 1442 625 1507 satellites
672 1443 984 1525 apostolos
1053 1441 1198 1507 illos
1245 1444 1629 1527 apprehendi
1677 1447 1741 1510 et
1785 1444 1853 1508 in
1899 1463 2208 1509 carcerem
2277 1463 2385 1509 seu
2430 1446 2666 1510 turrim

321 1566 357 1611 a
391 1567 578 1630 capro
625 1548 1127 1632 cognominatam
1167 1548 1395 1614 abduci
1439 1550 1620 1615 iubet
1640 1551 1691 1631 ²3
1741 1570 1929 1634 quam
1972 1571 2115 1616 mox
2158 1570 2388 1635 magna
2429 1551 2664 1616 lanari-

320 1673 502 1718 orum
544 1656 735 1719 turba
767 1654 1134 1719 circumstat
1179 1655 1577 1739 psalmosque
1608 1657 1975 1721 vernaculos
2022 1656 2155 1721 sine
2200 1655 2664 1721 intermissione

321 1760 613 1825 cantillat
633 1761 677 1841 ³,
727 1779 884 1843 quae
931 1761 1085 1825 seris
1134 1761 1432 1826 discussis
1480 1762 1650 1845 ipsos
1698 1781 1939 1827 carcere
1984 1761 2329 1845 liberasset,
2396 1761 2521 1826 nisi
2567 1782 2663 1826 se-

322 1868 506 1930 natus
567 1866 890 1949 proposita
933 1867 1149 1932 ultimi
1210 1867 1512 1951 supplicii
1556 1888 1758 1951 poena
1801 1868 1934 1932 vim
1977 1867 2116 1932 fieri
2160 1867 2480 1932 vetuisset.
2554 1867 2663 1932 Se-

320 1974 508 2036 natus
555 1972 767 2036 tamen
825 1972 997 2037 intra
1058 1993 1172 2038 sua
1217 1973 1465 2038 moenia
1529 1974 1899 2057 popularem
1963 1972 2334 2037 seditionem
2377 1975 2662 2037 metuens

320 2077 595 2160 principi
639 2097 773 2142 rem
804 2079 1005 2144 totam
1049 2099 1162 2162 per
1192 2079 1407 2144 literas
1455 2079 1774 2163 significat
1818 2082 2005 2162 atque
2038 2096 2238 2143 unum
2268 2078 2663 2160 captivorum

321 2201 472 2264 esse,
522 2183 634 2266 qui
680 2202 743 2247 se
775 2185 874 2248 vel
906 2184 979 2249 ad
1030 2184 1383 2267 principem
1426 2184 1642 2267 ipsum
1670 2185 1793 2250 vel.
1818 2185 1898 2249 ad
1942 2182 2333 2249 consiliarios
2379 2201 2524 2247 suos
2562 2183 2663 2247 in-

320 2288 511 2354 timos
557 2288 953 2372 colloquendi
998 2308 1186 2354 causa
1230 2289 1485 2355 admitti
1532 2290 1778 2372 cupiat3
1834 2291 2046 2373 ipsum
2091 2289 2261 2355 enirn
2306 2288 2382 2353 de
2427 2308 2494 2353 re
2539 2308 2665 2353 non

318 2393 659 2476 communi,
710 2414 866 2477 quae
911 2413 1139 2477 parum
1182 2396 1488 2461 momenti
1534 2396 1781 2475 habeat,
1830 2395 1941 2461 sed
1987 2415 2144 2479 quae
2175 2395 2253 2460 ad
2301 2396 2571 2460 salutem
2602 2397 2666 2460 et

321 2498 855 2566 conservationem
919 2500 1117 2566 totius
1182 2500 1481 2567 dioecesis
1542 2501 2055 2568 Monasteriensis
2124 2500 2665 2584 finitimarumque

320 2604 651 2689 regionum
695 2606 1032 2689 pertineat,
1099 2608 1423 2674 dicturum
1438 2611 1482 2674 ⁴.
1574 2608 1848 2675 Proinde
1907 2609 2200 2692 princeps
2246 2608 2666 2672 Wilhelmum

540 2869 583 2938 ¹)
619 2869 690 2924 So
727 2870 895 2926 heisst
931 2888 988 2926 es
1042 2872 1184 2927 auch
1218 2873 1275 2926 in
1314 2870 1409 2925 der
1448 2871 1682 2937 „Newen
1721 2871 2019 2941 Zeytung“:
2081 2910 2126 2938 „.
2147 2910 2163 2928 .
2183 2909 2197 2923 .
2233 2871 2339 2924 Die
2375 2870 2553 2938 sechs,
2604 2888 2663 2926 so

322 2957 463 3011 nach
498 2957 783 3028 Osenburg
816 2976 1126 3030 vergangen
1149 2961 1473 3029 donerstag“
1517 2960 1626 3027 (15.
1654 2958 1796 3026 Oct.)
1839 2958 2121 3025 „kommen
2155 2958 2309 3013 seind
2348 2998 2361 3011 .
2382 2998 2396 3013 .
2417 2997 2450 3027 .‚
2487 2958 2664 3013 haben

319 3044 440 3099 auff
469 3045 566 3100 der
588 3062 784 3116 gassen
819 3046 917 3101 hin
951 3048 1064 3101 und
1099 3048 1361 3103 her-wider
1397 3047 1663 3117 geruffen:
1702 3047 1922 3102 Bessert
1947 3045 2099 3114 euch,
2135 3047 2344 3100 bessert
2368 3046 2530 3111 euch3
2568 3046 2667 3101 der

319 3132 517 3188 Vatter
538 3134 614 3188 ist
638 3136 887 3190 erziirnet
909 3135 1021 3190 und
1043 3135 1157 3190 will
1181 3135 1430 3191 straffen!
1467 3135 1579 3189 und
1603 3134 1787 3188 ffirder
1810 3134 2228 3201 understandem
2253 3135 2372 3188 iren
2396 3134 2665 3190 irtthumb

319 3221 380 3274 in
415 3221 512 3276 der
547 3224 688 3276 statt
722 3239 788 3275 zu
822 3221 1133 3293 predigen.“

537 3308 581 3378 ⁸)
617 3308 686 3363 In
722 3310 829 3365 den
862 3310 1206 3366 Bucksturm.
1277 3310 1436 3365 Nach
1472 3310 1569 3365 der
1608 3310 1842 3378 „Newen
1880 3311 2157 3380 Zeytung“
2197 3310 2377 3366 haben
2428 3311 2664 3381 Biirger-

320 3399 543 3453 meister
575 3398 688 3452 und
724 3398 835 3453 Rat
887 3398 975 3454 die
1010 3399 1377 3454 Predikanten
1417 3398 1660 3466 „haissen
1695 3398 1935 3454 weichen
1988 3415 2087 3453 aus
2123 3398 2219 3454 der
2271 3402 2400 3468 stat,
2455 3399 2567 3453 und
2604 3416 2664 3455 so

321 3487 401 3540 sie
437 3485 691 3542 solliches
744 3486 900 3541 nicht
945 3486 1124 3541 haben
1159 3487 1297 3543 thun
1333 3487 1553 3556 wollen‚
1607 3487 1787 3542 haben
1822 3487 1901 3542 sie
1938 3483 2271 3557 dieselbigen
2327 3487 2667 3556 gefencklich

321 3575 761 3644 angenommen.“
2695 3626 2700 3632 .

536 3661 580 3732 8)
615 3661 770 3717 Auch
807 3663 895 3718 bei
930 3664 996 3718 D.
1023 3662 1128 3718 Lil
1142 3665 1201 3719 ie
1237 3663 1360 3719 sind
1385 3680 1441 3718 es
1482 3663 1630 3731 „vele
1654 3662 2064 3733 wullenknapen
2100 3663 2213 3717 und
2236 3663 2434 3718 andere
2469 3662 2667 3717 handt-

321 3750 712 3805 werckesvolck
745 3768 851 3806 van
886 3752 1150 3822 borgeren
1198 3752 1342 3807 unde
1378 3752 1648 3807 knechten
1685 3790 1699 3805 .
1720 3790 1733 3805 .
1756 3791 1771 3805 .
1808 3751 1876 3805 de
1911 3751 2245 3806 dudesschen
2281 3751 2487 3821 psalmo
2522 3751 2668 3807 unde

320 3837 609 3909 lovesenge
662 3841 751 3895 ein
787 3840 914 3894 umb
965 3840 1069 3894 den
1116 3841 1352 3895 anderen
1409 3841 1667 3910 sungen.“
1743 3839 1902 3894 Nach
1955 3839 2171 3895 Herm.
2208 3840 2665 3894 Hamelmann

323 3925 379 3981 S.
408 3926 545 3981 1132
580 3927 757 3997 gehen
793 3927 881 3983 die
920 3927 1271 3999 Gesangenen
1310 3928 1643 3999 „gaudentes
1681 3932 1738 3983 et
1773 3931 2028 3983 canentes
2065 3927 2135 3982 ad
2172 3944 2457 3983 carcerem.
2502 3928 2666 3983 Plebs

321 4031 445 4070 vero
481 4014 699 4071 laetitia
723 4020 781 4071 et
816 4019 981 4071 cantu
1007 4033 1190 4071 eorum
1225 4034 1334 4072 non
1360 4016 1555 4072 leviter
1588 4017 1921 4084 movebatur,
1959 4017 2090 4086 quia
2114 4015 2247 4070 adeo
2274 4016 2665 4084 concitabatur,

320 4106 387 4157 ut
421 4102 589 4158 vellet
624 4104 840 4159 omnino
878 4122 969 4159 eos
1006 4104 1357 4160 dimittendos
1395 4107 1453 4159 et
1485 4104 1850 4160 restituendos
1887 4104 2182 4159 libertati!

534 4191 581 4261 ⁴)
616 4192 685 4247 D.
722 4192 864 4247 Lili
881 4209 938 4261 e,
976 4192 1073 4248 der
1108 4193 1231 4248 dem
1264 4192 1690 4248 Landosfursten
1729 4192 1817 4248 die
1844 4191 2322 4263 Gesangennahme
2358 4191 2455 4254 der
2477 4190 2667 4246 Predi-

321 4276 525 4334 ltanten
561 4280 822 4350 anzeigen
874 4280 987 4335 und
1021 4280 1118 4335 ihn
1154 4296 1247 4334 um
1281 4280 1393 4335 Rat
1426 4280 1617 4351 fragen
1653 4280 1810 4350 laist,
1866 4280 2110 4335 erwahnt
2143 4279 2342 4335 Nichts
2377 4296 2482 4334 von
2519 4280 2669 4334 einer

321 4366 642 4437 Mitteilnng
675 4368 811 4423 iiber
845 4367 951 4424 den
984 4368 1425 4440 beabsichtigten
1458 4368 1658 4426 Vertat
1692 4368 1787 4423 des
1823 4368 1893 4424 Η.
1931 4367 2118 4423 Graes.

2453 4453 2578 4520 22*
2625 4456 2630 4461 ’
