3259 5075
1194 296 1374 360 Anno
1432 294 1598 359 1553
1646 294 1802 358 acta.
2540 293 2671 358 935

318 469 524 536 linum
569 471 729 554 ipsis
775 471 1104 555 proponit:
1162 490 1307 535 cum
1353 469 1692 535 dioecesim
1734 469 2131 535 Mindensem
2175 469 2415 535 deferre
2463 471 2529 534 et
2573 489 2671 534 re-

321 577 569 660 signare
616 579 898 662 cogatur,
946 599 1025 643 ne
1072 576 1370 642 dioecesis
1415 577 1931 642 Monasteriensis
2001 575 2340 659 incendiis,
2410 576 2672 641 excidiis

320 685 384 748 et
429 682 1022 766 depraedationibus
1069 702 1106 748 a
1143 683 1445 767 Philippo
1492 684 1724 767 Magno
1770 682 2060 747 funditus
2107 682 2410 766 perdatur
2455 684 2519 746 et
2562 682 2672 746 de-

318 791 624 872 vastetur,
673 809 746 854 ac
793 809 937 855 suos
983 790 1321 855 malevolos
1367 789 1608 873 aliquid
1658 789 1806 854 novi
1867 789 2207 873 superioris
2268 789 2675 873 potissimum

319 895 743 961 restitutionis
789 896 1040 962 nomine
1087 896 1384 961 adversus
1431 916 1497 961 se
1528 895 1742 962 moliri
1787 895 2263 977 animadvertat,
2312 895 2576 980 proinde
2607 915 2673 960 se

321 1002 479 1066 scire
525 1021 881 1086 percupere,
930 1003 1082 1087 quid
1132 1003 1259 1068 sibi
1304 1022 1341 1068 a
1370 1003 1629 1069 civitate
1660 1002 2144 1069 Monasteriensi
2187 1002 2256 1067 in
2302 1002 2423 1067 hac
2461 1021 2674 1067 rerum

320 1106 656 1192 *angustia
701 1110 788 1174 sit
833 1110 1230 1193 sperandum.
1297 1110 1522 1194 Legati
1568 1129 1634 1174 se
1665 1110 1832 1174 illud
1878 1109 1956 1175 ad
1989 1128 2134 1174 suos
2181 1127 2294 1193 pro
2327 1107 2528 1173 solido
2574 1127 2673 1173 re-
2698 1123 2796 1196 ·p‚
2833 1123 2960 1180 664,

320 1232 547 1296 sponso
592 1214 986 1297 impetrando
1033 1216 1342 1281 relaturos
1391 1215 1710 1299 recipiunt
1727 1218 1769 1280 ¹.

536 1321 639 1386 Sic
672 1321 938 1406 digressi
984 1341 1212 1405 magna
1256 1325 1354 1387 est
1399 1323 1662 1387 suborta
1704 1322 1875 1387 inter
1918 1321 2088 1403 ipsos
2137 1340 2328 1404 super
2373 1340 2672 1404 responso

318 1426 629 1509 principis
677 1427 1014 1508 contentio,
1087 1429 1241 1494 dum
1287 1431 1602 1495 senatores
1665 1429 1953 1494 strictius
2011 1428 2202 1511 illud,
2273 1427 2485 1512 plebei
2529 1448 2673 1495 vero

317 1533 640 1615 profusius
709 1535 1279 1619 interpretarentur
1322 1555 1395 1600 ac
1440 1536 1654 1601 omnia
1699 1536 1823 1601 sibi
1891 1535 2226 1619 privilegia
2292 1535 2567 1619 pristina
2610 1536 2676 1601 et

320 1638 603 1704 auctiora
647 1639 904 1723 quidem
955 1660 1087 1705 esse
1134 1642 1433 1706 restituta
1471 1641 1772 1724 dicerent,
1823 1643 2138 1707 senatores
2183 1643 2396 1707 autem
2428 1661 2502 1707 ea
2530 1645 2675 1708 tan-

319 1745 459 1808 tum
505 1764 638 1810 esse
686 1747 999 1828 restituta,
1044 1767 1203 1832 quae
1248 1749 1329 1813 ad
1374 1768 1592 1831 pacem
1637 1751 1703 1813 et
1747 1748 2078 1831 publicum
2125 1750 2363 1814 bonum
2406 1748 2669 1831 faciunt,

319 1850 783 1918 contenderent.
853 1853 930 1917 In
962 1854 1079 1918 hac
1125 1854 1518 1938 logomachia
1547 1853 1948 1938 Weslingus:
2002 1855 2182 1937 „Non
2228 1856 2325 1920 est
2369 1854 2668 1937 mirum,“

319 1956 548 2040 inquit,
604 1956 968 2039 „Corlerum
1015 1963 1079 2025 et
1126 1980 1226 2024 me
1272 1960 1519 2025 senatui
1562 1960 1762 2025 fuisse
1808 1962 2148 2044 suspectos,
2214 1980 2360 2027 cum
2406 1963 2673 2045 uterque

319 2062 538 2127 consul
587 2067 650 2129 et
696 2065 997 2148 syndicus
1045 2067 1121 2131 de
1169 2086 1238 2131 eo
1270 2086 1568 2149 responso
1614 2087 1653 2131 a
1697 2066 1984 2150 principe
2031 2066 2247 2132 audito
2294 2085 2440 2131 cum
2483 2065 2673 2131 Iude-

317 2167 485 2233 feldo
531 2171 597 2235 et
626 2171 911 2238 Oswaldo
958 2174 1566 2238 controversentur.“
1637 2172 1754 2238 Sed
1789 2174 1865 2238 ut
1893 2173 2146 2239 tandem
2194 2172 2480 2237 omnium
2524 2191 2675 2236 con-

317 2275 766 2342 troversiarum
813 2278 900 2343 sit
945 2279 1118 2360 finis,
1192 2278 1315 2344 sibi
1362 2279 1521 2344 utile
1568 2279 1798 2361 videri,
1848 2282 1924 2344 ut
1968 2280 2189 2345 accitis
2248 2278 2547 2363 utrinque
2593 2278 2680 2344 ad

320 2400 386 2446 se
416 2382 710 2463 pluribus
756 2386 1028 2450 testibus
1062 2385 1266 2451 denuo
1315 2386 1668 2471 principem
1713 2387 2194 2473 explicationem
2240 2385 2523 2470 responsi
2563 2404 2675 2469 pe-

318 2487 512 2554 titum
547 2489 799 2572 adeant;
838 2510 996 2575 quae
1028 2493 1342 2559 sententia
1364 2513 1511 2559 cum
1541 2493 1841 2578 utrinque
1871 2493 2232 2578 placuisset,
2261 2491 2684 2578 designantur

319 2595 399 2659 ad
444 2596 606 2661 hanc
653 2617 785 2663 rem
832 2599 1279 2683 expediendam
1326 2602 1728 2666 Hermannus
1759 2601 2023 2682 Heerde,
2072 2601 2310 2683 consul,
2359 2600 2683 2666 Henricus

317 2702 719 2786 Travelman,
790 2705 1189 2770 Hermannus
1237 2708 1645 2790 Osenbrugge
1701 2709 1765 2772 et
1830 2708 2229 2772 Hermannus
2275 2707 2680 2788 Menneman,

319 2811 653 2892 senatores,
702 2830 773 2875 ex
803 2815 984 2894 parte
1015 2832 1159 2877 vero
1208 2813 1410 2896 plebis
1456 2813 1694 2897 Caspar
1722 2813 2016 2896 Iudefelt,
2066 2813 2383 2880 Gerardus
2417 2814 2678 2895 Oswalt,

317 2913 570 2979 Ioannis
603 2916 993 2982 Wesselinck
1039 2917 1257 2982 doctor
1302 2938 1371 2983 ac
1419 2918 1648 2984 Petrus
1688 2918 1921 3000 Corler,
1970 2920 2083 3003 qui
2128 2919 2284 2984 hora
2326 2919 2517 2984 tertia
2558 2939 2676 3002 po-

317 3020 665 3086 meridiana
708 3022 1061 3107 principem
1107 3023 1355 3089 adirent
1375 3025 1415 3089 ².
1478 3024 1880 3089 Hermannus
1927 3025 2141 3089 autem
2185 3024 2410 3105 Herde,
2459 3024 2677 3107 prius-

317 3231 512 3287 anders
549 3235 890 3305 toebegerde,
927 3235 1027 3289 dat
1051 3236 1146 3290 der
1170 3236 1319 3290 stadt
1342 3235 1591 3290 Munster
1624 3239 1772 3290 toem
1795 3236 1986 3290 besten
2013 3236 2209 3306 gedien
2233 3235 2461 3304 konnde,
2498 3236 2677 3292 wolde

317 3321 434 3375 sine
472 3321 511 3375 f.
549 3339 601 3391 g.
640 3321 739 3377 dar
774 3324 846 3393 by
884 3324 994 3378 und
1032 3329 1122 3378 toe
1159 3341 1346 3394 geven.
1403 3323 1771 3403 Welcherflie
1809 3324 1911 3378 doe
1949 3323 2057 3378 alle
2095 3325 2211 3379 6166
2247 3324 2286 3379 f.
2324 3342 2379 3394 g.
2415 3324 2671 3380 hoichbe·

317 3407 679 3464 danckeden.“
760 3412 916 3479 (Eine
955 3412 1153 3467 andere
1189 3412 1349 3467 Hand
1387 3415 1531 3466 setzt
1566 3411 1759 3466 hinzu:
1803 3429 1914 3479 „we
1950 3411 2233 3483 bynich.“)

536 3518 577 3580 ¹)
613 3518 718 3571 Die
748 3518 948 3584 „Korte
975 3520 1334 3590 antekunge“:
1367 3520 1512 3584 „Dar
1535 3519 1694 3574 vorth
1719 3519 1860 3574 nach
1886 3518 2023 3573 leith
2048 3521 2166 3574 sine
2190 3520 2229 3574 f.
2250 3537 2303 3590 3.
2328 3520 2418 3575 166
2443 3536 2671 3591 66336111

317 3620 376 3658 66
413 3604 526 3657 und
563 3606 645 3660 als
682 3606 790 3660 dan
828 3609 945 3662 sine
981 3609 1019 3662 f.
1047 3625 1099 3678 g.
1139 3608 1235 3662 dat
1272 3608 1413 3662 stifft
1448 3607 1687 3678 Mynden
1724 3609 1853 3663 umb
1891 3608 2061 3664 disses
2099 3607 2267 3664 stiffts
2300 3608 2548 3664 Munster
2584 3649 2598 3662 .
2622 3649 2669 3664 ..

316 3691 527 3747 hebben
566 3696 913 3765 avergelaten
968 3697 1080 3750 und
1124 3698 1436 3766 resigneren
1473 3697 1728 3751 moethen
1781 3697 1894 3752 und
1929 3697 2180 3752 dannoch
2235 3699 2351 3752 sine
2386 3697 2425 3752 f.
2464 3714 2517 3768 g.
2554 3714 2672 3753 ver-

317 3783 614 3851 merckede,
641 3783 740 3838 dat
774 3784 882 3839 fele
907 3786 1052 3840 siner
1075 3787 1407 3856 ungunstige
1432 3785 1544 3839 und
1566 3784 1995 3856 widderwertige
2017 3803 2125 3841 wes
2148 3803 2281 3856 nyes
2306 3786 2417 3841 und
2443 3786 2672 3842 schwer-

316 3868 487 3925 liches
542 3873 826 3928 moechten
881 3891 1225 3942 voernemen,
1282 3891 1416 3928 wess
1454 3872 1570 3928 sich
1608 3873 1731 3928 (1666
1786 3875 1903 3929 6166
1939 3874 1977 3929 f.
2017 3892 2072 3945 3.
2108 3878 2200 3929 too
2236 3874 2334 3929 der
2368 3873 2520 3929 stadt
2553 3891 2670 3929 ver-

315 3961 558 4014 troesten
596 3961 779 4015 soelde
815 3962 927 4016 und
962 3962 1225 4031 moechte,
1252 3962 1576 4032 angesehen‚
1614 3962 1715 4016 dat
1749 3964 1865 4017 sine
1895 3962 1933 4018 f.
1961 3981 2014 4034 3.
2040 3963 2204 4018 foelle
2240 3966 2541 4032 ungunstes
2566 3979 2672 4018 van

313 4048 492 4101 vielen
530 4048 712 4104 desses
747 4050 904 4105 lands
940 4067 1043 4105 ane
1080 4051 1196 4105 sich
1234 4051 1331 4105 der
1366 4054 1546 4105 ersten
1572 4051 1887 4106 restitution
1925 4051 2169 4123 gelangt.
2221 4050 2420 4106 Daruff
2451 4051 2539 4106 die
2576 4068 2671 4121 36-

316 4141 508 4191 santen
547 4139 884 4204 antworden,
939 4141 1018 4194 616
1054 4140 1265 4195 wolden
1301 4140 1483 4194 sulchs
1521 4140 1822 4210 anbringen
1859 4141 1969 4196 und
2006 4140 2178 4211 dar-up
2216 4142 2362 4195 siner
2397 4140 2435 4195 f.
2473 4157 2527 4208 3.
2564 4156 2670 4210 eyn

316 4230 420 4296 gut
456 4227 728 4282 antwordt
763 4231 981 4299 geven.“

531 4315 575 4386 ἰ)
612 4316 716 4370 Die
757 4317 957 4383 „Korte
994 4317 1356 4388 antekunge“:
1417 4317 1545 4383 „Ale
1581 4334 1657 4372 nu
1712 4318 1807 4372 (166
1860 4316 2070 4372 fursten
2126 4316 2398 4372 antwordt
2450 4317 2538 4371 die
2575 4333 2669 4387 36-

314 4402 596 4458 schickten
630 4404 834 4459 widder
867 4406 1210 4474 inbrechten,
1263 4404 1517 4461 konnden
1553 4406 1668 4460 und
1701 4404 1911 4460 wolden
1948 4406 2027 4461 sie
2064 4405 2180 4460 sich
2235 4406 2330 4461 (166
2365 4406 2522 4460 nicht
2555 4405 2669 4461 fur·
