3259 5075
1158 237 1341 303 Anno
1398 239 1565 303 1533
1610 240 1771 304 acta.
2502 238 2635 304 393

278 415 448 480 Ante
510 434 707 480 annos
776 415 1020 499 aliquot
1065 414 1187 479 viri
1247 414 1486 480 cordati
1552 415 2009 500 rempublicam
2077 414 2632 480 Monasteriensem

273 522 750 605 gubernabant,
821 521 1038 605 quales
1107 520 1367 586 fuerunt
1423 541 1496 586 ex
1563 521 1850 605 patriciis
1919 522 2181 587 Ioannes
2227 520 2304 585 de
2347 521 2631 605 Tynnen,

278 628 655 694 Eberwinus
686 627 1081 710 Steveninck,
1129 628 1495 694 Eberwinus
1540 630 1788 710 Droste,
1838 628 2149 694 Hem-icus
2186 627 2631 712 Droelshagen,

278 735 623 801 Bertoldus
668 735 1070 815 Travelman,
1116 735 1417 801 Albertus
1463 735 1751 817 Clevorn,
1799 755 1872 801 ex
1916 735 2155 820 plebeis
2201 736 2462 801 Ioannes
2508 737 2632 802 Bo·

274 842 483 923 landt,
519 842 946 909 Theodericus
978 844 1430 924 Munsterman,
1469 842 1881 908 Wilbrandus
1911 842 2183 923 Plonies,
2234 842 2631 907 Hermannus

278 949 550 1028 Heerde‚
598 948 862 1014 Ioannes
893 947 1231 1030 Herdinck‚
1280 948 1583 1032 magister
1612 948 2038 1015 Theudoricus
2071 949 2286 1016 Grolle
2332 951 2395 1013 et
2439 947 2631 1033 pleri-

274 1074 406 1137 que
449 1055 565 1120 alii
610 1055 839 1120 eximia
885 1054 1120 1121 canicie
1164 1057 1230 1121 et
1274 1055 1620 1121 multorum
1666 1075 1973 1121 annorum
2017 1055 2396 1139 experientia
2447 1075 2631 1121 vene-

278 1162 495 1242 randi,
569 1181 837 1246 quorum
894 1163 1287 1246 temporibus
1347 1163 1782 1247 tranquillitas
1829 1165 1964 1229 erat
2006 1164 2075 1227 in
2118 1162 2295 1228 urbe.
2388 1161 2631 1242 Quibus

275 1288 409 1334 non
454 1288 665 1334 osores
709 1269 863 1334 cleri
924 1270 1370 1335 successissent
1414 1272 1783 1354 sceptraque
1829 1271 2007 1336 urbis
2053 1269 2439 1336 tenuissent!
2513 1269 2631 1335 His

273 1375 769 1441 conniventibus
841 1376 1019 1459 plebs
1088 1376 1364 1460 primum
1412 1377 1652 1442 clerum
1719 1377 2209 1461 persequebatur
2253 1379 2319 1441 et
2361 1376 2632 1460 vilipen-

272 1482 492 1563 debat,
543 1481 769 1546 deinde
813 1501 1001 1548 suum
1046 1482 1248 1567 ipsius
1292 1483 1756 1567 magistratum.

501 1588 634 1653 Sub
680 1588 800 1653 hoc
828 1588 1032 1672 igitur
1074 1589 1455 1674 magistratu
1499 1589 1678 1674 plebs
1726 1591 2030 1673 pristinae
2075 1590 2336 1656 factioni
2381 1589 2634 1655 addicta

278 1695 597 1779 respirare
642 1694 851 1779 coepit
894 1715 1080 1779 seque
1126 1696 1256 1761 iam
1313 1697 1677 1762 effecturam
1724 1697 2002 1776 confidit,
2052 1697 2220 1781 quod
2263 1696 2376 1761 diu
2421 1715 2632 1761 secum

276 1801 585 1866 volvisset
628 1803 817 1886 atque
877 1802 1246 1868 affectasset.
1338 1802 1536 1868 Nulla
1578 1804 1750 1869 enim
1794 1804 1921 1870 fere
1967 1804 2101 1869 dies
2164 1803 2515 1886 praeteriit,
2564 1802 2633 1868 in

278 1925 410 1991 qua
454 1926 583 1972 non
613 1907 703 1972 sit
744 1907 989 1992 aliquid
1034 1907 1221 1974 factis
1267 1908 1532 1993 dignum
1563 1928 1600 1974 a
1628 1910 1963 1994 flagitiosis
2010 1910 2432 1976 commissum.
2490 1909 2635 1975 Pri-

278 2033 459 2078 mum
504 2033 655 2099 ergo
708 2016 808 2080 17.
852 2014 1071 2080 Martii
1116 2015 1185 2080 in
1231 2015 1502 2100 singulis
1548 2016 1806 2100 templis
1852 2016 2361 2100 paroecianorum
2405 2016 2630 2082 suffra-

275 2120 402 2204 giis
433 2121 902 2188 concionatores
936 2121 1324 2187 Bothmanni
1353 2124 1732 2190 auctoritate
1763 2123 2142 2206 interposita
2171 2120 2629 2206 desig'nantur,
2658 2137 2688 2168 ⁸·
2739 2180 2755 2196 .

282 2227 569 2292 homines
603 2228 869 2308 venerei,
917 2228 1160 2310 lascivi,
1201 2230 1707 2313 intemperantes,
1742 2231 1910 2295 leves
1942 2233 2006 2296 et
2035 2229 2331 2314 votifragi
2362 2248 2630 2311 errones,

276 2334 395 2416 qni
437 2334 663 2418 iugum
710 2336 962 2419 regulae
1008 2355 1157 2401 suae
1203 2336 1658 2402 contumaciter
1702 2338 2120 2419 excusserant,
2168 2334 2282 2420 qui
2327 2334 2632 2401 eruditio-

280 2439 382 2505 nis
426 2443 493 2505 et
538 2440 928 2525 eloquentiae
958 2442 1096 2507 vice
1141 2442 1405 2507 audacia
1444 2444 1511 2508 et
1551 2443 1926 2527 garrulitate
1971 2444 2312 2527 pollebant,
2362 2442 2473 2526 qui
2516 2442 2632 2508 fla-

274 2546 441 2631 gitia
485 2550 895 2633 quantumvis
943 2550 1223 2616 enormia
1266 2550 1399 2616 sola
1427 2551 1552 2616 flde
1598 2551 1846 2634 expiata
1892 2570 2006 2634 pro
2051 2550 2253 2616 nihilo
2299 2550 2630 2632 ducebant,

275 2655 393 2739 qui
438 2656 866 2741 evangelicam
924 2658 1282 2724 libertatem
1330 2659 1399 2723 in
1459 2658 1783 2724 licentiam
1828 2659 1894 2723 et
1936 2657 2383 2742 impunitatem
2428 2658 2633 2721 verte-

281 2761 455 2843 bant,
527 2763 641 2847 qui
686 2764 955 2850 denique
1000 2765 1163 2831 nihi]
1211 2766 1445 2831 bonnm
1459 2818 1474 2847 ,
1528 2760 1714 2830 'nihil
1757 2765 1936 2850 pium
1982 2765 2334 2845 censebant,
2383 2762 2549 2847 quod
2596 2782 2636 2828 a

276 2886 433 2933 suae
477 2868 799 2937 doctrinae
869 2872 1127 2937 licentia
1187 2854 1580 2938 abhorreba't.
1676 2872 1734 2937 A
1781 2891 1895 2937 sua
1938 2871 2227 2937 doctrina
2291 2869 2632 2953 pendentes

271 2976 672 3059 evangelicos
718 2980 783 3043 et
827 2979 1208 3046 christianos
1267 2980 1493 3046 fratres
1541 2998 1923 3063 sororesque,
1971 2978 2283 3061 templum
2329 2994 2474 3041 vero
2521 2975 2633 3041 do-

275 3083 589 3149 minicum
635 3085 959 3170 religionis
1006 3107 1152 3171 ergo
1198 3087 1621 3171 ingredientes
1667 3086 2017 3170 pertinaces
2077 3085 2356 3167 papistas
2401 3084 2466 3148 et
2509 3083 2633 3148 im-

274 3191 422 3274 pios
486 3192 896 3276 appellabant
940 3193 1256 3278 variisque
1302 3193 1636 3259 calumniis
1683 3196 1898 3258 contra
1961 3190 2403 3257 transactionis
2465 3190 2632 3273 leges

272 3316 381 3362 eos
442 3298 681 3380 passim
750 3301 1252 3383 proscindebant.
1346 3302 1422 3366 In
1467 3299 1653 3365 initio
1711 3301 1923 3365 tamen
1992 3298 2299 3382 singulari
2361 3296 2634 3381 quodam

274 3405 733 3471 sanctimoniae
778 3410 845 3471 et
890 3407 1147 3490 pietatis
1192 3406 1336 3473 fuco
1381 3406 1616 3472 multos
1665 3405 1744 3471 ad
1791 3425 1857 3471 se
1901 3404 2196 3470 alliciunt
2254 3403 2633 3486 allectosque

272 3509 345 3576 in
393 3511 739 3578 horrendos
786 3514 852 3578 et
895 3513 1335 3579 ineluctabiles
1380 3532 1618 3579 errores
1674 3511 1983 3596 paulatim
2029 3510 2449 3595 praecipitant
2468 3514 2509 3574 ¹.

492 3619 1016 3685 Monasterienses
1063 3639 1210 3685 cnm
1276 3619 1615 3703 pristinam
1675 3618 1994 3685 minorum
2040 3617 2375 3683 civitatum
2441 3616 2633 3681 fidem

274 3726 404 3791 sibi
464 3729 822 3810 suspectam
884 3745 1018 3793 esse
1076 3728 1404 3810 putarent,
1475 3746 1576 3792 eas
1623 3725 1898 3791 novandi
1964 3725 2230 3791 foederis
2299 3723 2508 3806 gratia
2552 3721 2633 3787 ad

498 3904 539 3969 ¹)
575 3903 753 3958 Schon
791 3904 880 3959 die
917 3903 1341 3975 Zuchtordnung
1374 3902 1461 3958 Bl.
1499 3904 1628 3958 ΒΞ*
1673 3903 1784 3972 (bei
1823 3901 1882 3956 C.
1920 3902 1984 3956 A.
2022 3899 2377 3955 Cornelius
2414 3916 2465 3954 a.
2491 3916 2540 3953 a.
2567 3898 2633 3954 Ο.

279 3991 357 4047 IL
394 3992 455 4047 8.
478 3992 605 4061 327)
643 3994 773 4048 aber
809 3993 1018 4064 spricht
1042 4010 1169 4048 aus:
1212 4010 1323 4059 „wo
1358 3991 1532 4048 leider
1568 3992 1690 4047 oick
1727 3990 1933 4046 alreide
1968 4005 2311 4045 vernommen
2348 3991 2497 4055 wert,
2536 3986 2636 4042 dat

276 4081 364 4138 hir
400 4081 544 4137 made
580 4081 679 4137 dar
713 4087 1043 4153 gesprenget
1076 4082 1220 4137 unde
1259 4080 1579 4152 geruchtich
1615 4098 1698 4151 sy,
1737 4096 1846 4135 wer
1880 4096 2004 4134 men
2041 4078 2097 4132 al
2129 4078 2218 4133 hir
2253 4076 2349 4132 tho
2386 4076 2635 4130 Munster

272 4172 583 4245 ghedmet,
621 4171 719 4227 dat
740 4171 1082 4227 Pawestdom
1108 4171 1386 4226 dei-maten
1424 4174 1588 4242 ganta
1615 4170 1712 4225 tho
1740 4171 2068 4224 verwoesten
2097 4209 2111 4223 .
2134 4210 2147 4223 .
2169 4208 2201 4237 .,
2238 4167 2337 4221 dat
2371 4164 2469 4220 her
2492 4164 2634 4219 wed-

272 4261 555 4317 derumme
588 4261 742 4316 nicht
776 4261 948 4333 gudes
994 4260 1105 4315 und
1142 4259 1550 4332 ghebrueclikes
1598 4277 1696 4314 vor
1733 4258 1831 4314 tho
1870 4273 2061 4313 nemen
2097 4256 2240 4311 unde
2278 4256 2337 4310 in
2374 4254 2442 4309 de
2478 4253 2635 4308 stede

268 4349 621 4407 antorichten
656 4350 892 4406 bedacht
925 4350 1156 4405 worde.“

2661 2032 2728 2075 17.
2755 2029 2907 2075 mn.
