3259 5075
539 293 668 357 588
1397 289 1581 355 Anno
1636 291 1804 355 1534
1849 291 2007 355 acta.

535 487 693 533 care.
790 467 857 533 Si
902 467 1065 532 hanc
1133 465 1520 551 agnitionem
1565 466 1717 531 fidei
1773 467 2018 530 nostrae
2064 483 2274 530 veram
2319 483 2447 530 non
2491 483 2625 530 esse
2668 463 2885 530 existi-

534 574 886 655 maverim,
956 573 1118 639 ferre
1185 572 1559 657 poterimuS,
1608 573 1684 636 ut
1728 573 1936 636 certus
1982 571 2491 636 commilitonum
2534 572 2885 636 vestrorum

534 699 853 761 numerus,
903 698 940 744 a
968 680 1151 745 nobis
1182 681 1394 745 tamen
1425 679 1871 759 decernendae,
1920 677 2133 743 omnia
2176 696 2467 761 praesens
2510 676 2879 758 experiatur.

533 785 702 849 Dens
749 784 920 849 enim
962 784 1160 865 novit,
1211 784 1378 867 quod
1424 784 1590 849 nihil
1634 784 1763 849 nisi
1807 804 2074 867 regnum
2119 782 2361 849 Christi
2408 801 2781 867 quaeramus
2818 783 2884 848 et

534 893 839 974 optemus.
908 890 1159 974 Scripta
1203 891 1356 954 sunt
1398 889 1554 955 haec
1600 890 1971 955 Monasterii
2017 890 2087 954 in
2131 889 2389 955 civitate
2420 889 2539 954 Dei
2584 887 2883 954 altissimi

263 1016 316 1059 e.
344 1012 504 1068 Apru.
535 1015 696 1062 anno
742 999 888 1081 post
931 998 1152 1062 natum
1197 995 1524 1061 Christum
1578 997 1749 1061 1534
1799 998 2018 1062 octavo
2065 996 2165 1060 die
2211 995 2453 1078 Aprilis
2477 997 2512 1060 ¹.

776 1103 1059 1168 Seniores
1105 1103 1362 1186 totaque
1407 1102 1825 1167 communitas
1872 1105 1938 1168 et
1983 1101 2356 1167 consociatio
2402 1099 2642 1166 Christi

1279 1208 1645 1273 Monasterii
1691 1211 2127 1292 congregata.“

743 1332 934 1397 Varia
964 1331 1190 1398 deinde
1233 1331 1500 1396 ludibrii
1535 1333 1598 1396 et
1644 1331 2061 1396 contumeliae
2106 1349 2333 1414 genera
2367 1329 2669 1413 utrinque
2698 1328 2881 1394 effin-

527 1439 787 1522 guntur,
859 1437 1091 1521 quibus
1137 1458 1249 1521 per
1294 1436 1487 1503 animi
1549 1437 1878 1501 lasciviam
1923 1435 2244 1501 interdum
2291 1435 2506 1517 sobrii,
2556 1434 2879 1501 interdum

529 1543 691 1608 ebrii
738 1563 803 1609 se
848 1546 1072 1609 mutuo
1118 1543 1453 1625 lacessunt,
1503 1543 1788 1608 dicteriis
1834 1542 2245 1607 amarulentis
2292 1544 2651 1625 provocant.
2722 1540 2878 1621 Qui-

233 1667 341 1741 *p‚
376 1667 502 1725 495,
529 1649 674 1714 dam
723 1647 1042 1715 *militum
1088 1649 1333 1732 ingenti
1395 1668 1577 1733 saepe
1622 1648 2003 1713 confidentia
2066 1647 2213 1714 freti
2261 1648 2339 1713 ad
2386 1650 2610 1713 urbem
2656 1647 2877 1713 decur-

529 1758 681 1821 runt
750 1756 1107 1841 caligasque
1175 1754 1438 1819 detritas
1507 1754 1709 1839 portis
1776 1754 1878 1819 his
1949 1755 2500 1821 vociferationibus
2571 1754 2875 1839 affigunt:

533 1863 806 1946 »θαι-ἑοῖ,
855 1863 1119 1929 detritas
1151 1863 1338 1945 atque
1383 1860 1687 1926 laceratas
1732 1860 1847 1925 has
1877 1861 2040 1926 mihi
2087 1862 2268 1927 refice
2301 1861 2534 1943 caligas
2550 1862 2607 1927 !“
2666 1861 2876 1945 Atque

525 1968 596 2033 hi
643 1968 964 2034 interdum
1009 1968 1365 2049 elabuntur,
1412 1966 1738 2032 interdum
1780 1968 2069 2033 transfixi
2114 1969 2366 2034 cadunt.
2430 1966 2747 2052 Oppidani
2778 1968 2876 2033 vi-

524 2073 739 2140 cissim
785 2075 909 2139 viri
956 2072 1412 2140 simulachrum
1444 2092 1478 2138 e
1510 2093 1715 2156 panno
1760 2073 1926 2138 lineo
1973 2076 2309 2139 consutum
2340 2075 2403 2144 et
2448 2074 2591 2139 feno
2638 2075 2875 2139 fartum

525 2198 596 2244 ac
640 2180 1182 2264 indulgentiarum
1230 2179 1435 2244 literis
1482 2179 1953 2264 pontificiisque
1997 2180 2193 2246 bullis
2225 2181 2717 2265 circumseptum
2762 2200 2875 2246 an·

524 2305 709 2351 nosae
755 2307 947 2370 equae
1005 2286 1344 2369 imponunt
1388 2305 1650 2370 eamque
1718 2286 1980 2352 scuticis
2043 2286 2272 2352 acriter
2315 2287 2381 2351 in
2429 2289 2613 2369 porta
2656 2286 2875 2369 flagel-

523 2391 725 2457 lantes
771 2392 864 2457 ita
908 2411 1053 2457 cum
1086 2411 1197 2458 suo
1246 2412 1483 2457 sessore
1530 2394 1707 2458 muto
1752 2394 1820 2458 in
1863 2395 2069 2458 castra
2114 2394 2496 2460 Mauritiana
2541 2393 2809 2478 abigunt
2828 2395 2869 2459 ².

525 2498 710 2564 Miles
750 2518 821 2564 eo
870 2498 1251 2564 simulachro
1299 2499 1547 2582 illusus,
1598 2519 1742 2565 cum
1790 2500 2175 2585 oppidanum
2221 2501 2494 2586 aliquem
2541 2501 2620 2566 ab
2653 2499 2873 2566 effreni

523 2607 588 2670 et
632 2606 940 2671 indomito
971 2624 1146 2689 equo,
1197 2625 1384 2688 quem
1414 2607 1685 2671 retinere
1731 2626 1855 2671 non
1901 2607 2199 2690 potuerit,
2248 2627 2358 2691 per
2388 2626 2683 2692 campum
2719 2607 2874 2672 ferri

523 2712 929 2795 existimaret,
1001 2712 1296 2778 certatim
1340 2712 1686 2797 praedandi
1752 2714 1961 2796 gratia
2005 2713 2296 2796 accurrit,
2368 2733 2601 2798 equum
2647 2732 2870 2796 appre-

522 2819 746 2885 hendit
792 2821 856 2884 et
901 2839 938 2884 a
982 2821 1224 2903 pernici
1270 2840 1459 2886 cursu
1506 2822 1765 2886 coercet.
1844 2821 2007 2886 Cum
2051 2825 2261 2887 autem
2306 2821 2478 2886 fraus
2525 2821 2871 2902 deprehen·

522 2924 794 3009 deretur,
843 2946 1073 3010 magna
1102 2927 1384 2992 militum
1423 2926 1773 2992 multitudo
1807 2926 1899 2991 rei
1931 2946 2123 2993 novae
2155 2927 2337 2992 avida
2367 2928 2430 2992 et
2476 2926 2606 2991 doli
2650 2926 2871 3010 ignara

522 3030 600 3095 ad
647 3032 1076 3114 spectaculum
1129 3032 1297 3098 illud
1342 3033 1623 3098 confluit.
1707 3032 2024 3117 Oppidani
2068 3053 2214 3099 vero
2261 3052 2334 3097 ex
2379 3030 2644 3097 diversis
2690 3031 2866 3096 urbis

519 3137 984 3202 munitionibus
1031 3140 1095 3203 et
1138 3158 1171 3203 e
1209 3139 1374 3203 turri
1421 3138 1826 3222 potissimum
1874 3139 2256 3205 Martiniana
2300 3140 2545 3204 tantam
2591 3139 2868 3203 tormen-

521 3245 734 3308 torum
779 3246 843 3309 et
903 3244 1246 3310 missilium
1315 3245 1559 3328 copiam
1604 3245 1672 3308 in
1720 3263 1859 3309 eam
1926 3247 2362 3329 conglobatam
2406 3247 2470 3310 et
2515 3245 2866 3310 consertam

519 3348 802 3414 militum
867 3350 1348 3416 multitudinem
1395 3350 1769 3432 conficiunt,
1821 3352 1895 3414 ut
1938 3350 2161 3415 maiori
2205 3354 2383 3435 parte
2429 3351 2635 3416 occisa
2679 3349 2866 3434 pauci

521 3454 655 3519 sine
700 3455 1069 3520 vulneribus
1116 3456 1529 3521 elaberentur.
1596 3456 1817 3540 Neque
1860 3456 2065 3521 multo
2111 3460 2255 3539 post
2296 3476 2405 3522 vas
2452 3457 2730 3521 humano
2762 3475 2865 3521 ex-

517 3564 832 3627 cremento
902 3562 1160 3645 plenum
1206 3563 1270 3626 et
1314 3562 1665 3627 arctissime
1709 3564 2078 3628 obturatum
2144 3563 2447 3647 bigaeque
2490 3562 2865 3646 impositum

520 3667 655 3731 sine
699 3667 922 3751 auriga
965 3668 1033 3732 in
1080 3670 1287 3733 castra
1329 3668 1671 3751 mittunt⁸;
1729 3670 1791 3734 et
1836 3668 1964 3733 alia
2009 3668 2260 3735 infinita
2302 3670 2370 3734 in
2415 3668 2864 3734 contumeliam

515 3773 800 3839 militum
844 3773 1412 3840 comminiscuntur
1455 3777 1521 3840 et
1571 3775 1953 3842 foedissimis
1998 3776 2292 3841 convitiis
2338 3795 2402 3841 se
2447 3777 2670 3840 mutuo
2718 3793 2863 3857 pro·

514 3879 832 3946 scindunt.
926 3880 1015 3946 Hi
1059 3882 1300 3948 milites
1346 3882 1671 3967 appellant
1714 3883 1942 3968 impios
1988 3884 2371 3965 idololatras,
2433 3883 2753 3966 pontificis
2798 3884 2864 3948 et

734 4093 774 4159 ¹)
809 4093 936 4163 Vgl.
974 4095 1112 4149 oben
1167 4094 1221 4150 S.
1258 4096 1365 4149 574
1398 4095 1556 4150 Anm.
1593 4096 1646 4147 2.
1703 4126 1771 4135 —
1828 4094 1873 4163 ⁹)
1907 4095 2033 4167 Vgl.
2071 4095 2209 4150 daza
2247 4096 2384 4150 oben
2422 4095 2476 4150 S.
2514 4094 2631 4149 568.
2708 4093 2859 4148 Gan:

515 4180 737 4235 ahnlich
796 4182 1066 4236 berichtet
1123 4183 1278 4238 Joh.
1334 4184 1716 4239 Fabricius
1768 4184 2137 4239 Bolandus
2188 4183 2274 4239 Bl.
2323 4183 2482 4250 Qlf.
2554 4182 2859 4239 Denselbcn

515 4269 678 4338 Spott
714 4270 956 4324 erwahnt
990 4271 1131 4325 auch
1167 4272 1237 4326 H.
1275 4272 1626 4328 Gresbeck
1664 4273 1718 4328 S.
1756 4274 1883 4329 491⁹.
1922 4303 1989 4314 —
2040 4275 2085 4341 ⁸)
2122 4273 2283 4328 Siehe
2318 4273 2467 4329 Joh.
2503 4274 2859 4329 Fabricius

505 4355 876 4411 Bolandus
923 4357 1010 4413 Bl.
1050 4358 1170 4413 Slv
1206 4376 1260 4415 n.
1298 4360 1405 4416 82.
1479 4361 1604 4432 Vgl.
1642 4362 1783 4418 auch
1819 4363 1888 4419 H.
1927 4362 2279 4419 Gresbeck
2327 4364 2382 4419 S.
2415 4364 2502 4420 49.
