3259 5075
331 1988 429 2062 *μ
467 1991 590 2046 416.

376 2310 444 2352 10.
473 2306 588 2352 Jan.

618 318 707 383 47
713 319 756 383 2
1484 318 1668 386 Anno
1721 321 1890 387 1534
1936 323 2092 387 acta.

618 495 888 561 maritus
933 514 1002 561 re
1046 515 1161 579 per
1218 495 1525 562 famulam
1593 497 1849 580 cognita
1891 497 1984 563 ita
2039 497 2108 562 in
2154 516 2316 563 nova
2359 496 2484 562 flde
2551 496 2964 577 confirmavit,

619 604 695 667 ut
738 602 843 667 vix
888 621 1120 686 repere,
1168 603 1403 668 nedum
1449 603 1736 670 incedere
1781 605 2009 688 posset.
2080 604 2289 688 Atque
2334 602 2550 669 eodem
2596 603 2698 668 die
2746 603 2784 669 7
2839 603 2969 667 vir-

618 707 796 791 gines
830 706 1168 792 Aegidiani
1214 709 1499 775 coenobii
1533 710 1598 774 et
1644 711 1887 794 aliquot
1930 709 2394 776 Transfluviani
2440 709 2826 794 plurimique
2857 708 2969 773 alii

617 815 835 896 magni
880 815 1154 881 nominis
1203 816 1368 882 cives
1413 836 1450 882 a
1477 817 1878 883 Rothmanno
1925 818 2347 902 retingantur.
2414 816 2731 896 Quaedam
2776 815 2970 880 etiam

617 922 939 986 matronae
986 923 1251 988 annulos
1284 941 1446 1003 suoS,
1498 923 1756 1007 cingula
1797 922 1994 988 bullis
2040 922 2354 1006 argenteis
2386 922 2452 987 et
2495 920 2713 987 fibulis
2760 919 2967 985 aureis

619 1026 910 1091 decorata
955 1026 1201 1110 aliaque
1249 1031 1613 1093 ornamenta
1660 1029 1732 1093 ad
1785 1029 1965 1094 aedes
2001 1027 2387 1095 Rothmanni
2432 1028 2740 1107 deferunt,
2791 1025 2896 1090 sed
2933 1043 2970 1089 a

621 1131 868 1197 maritis
915 1132 1198 1198 fustibus
1250 1133 1565 1217 minisque
1611 1136 1861 1199 coactae
1906 1153 1979 1199 ea
2022 1135 2377 1216 reposcunt.
2469 1132 2789 1212 Quaedam
2836 1150 2970 1196 sese

620 1237 1042 1304 subducentes
1089 1238 1272 1304 aedes
1319 1239 1589 1303 aliorum
1649 1240 2154 1305 concionatorum
2201 1240 2495 1321 subeunt,
2543 1239 2695 1304 vina
2736 1237 2971 1303 bibunt

620 1343 1102 1427 clanculumque
1149 1343 1455 1410 docentur
1498 1345 1943 1429 persuadentes
1992 1345 2250 1411 interim
2305 1346 2551 1410 maritis
2599 1364 2664 1410 se
2699 1344 2969 1428 negotiis

619 1450 700 1515 ad
744 1470 877 1515 rem
924 1450 1333 1515 domesticam
1380 1451 1730 1534 augendam
1777 1452 2240 1536 pertinentibus
2286 1451 2439 1517 foris
2486 1453 2819 1535 occupatas
2866 1450 2969 1515 fu-

618 1557 760 1623 isse.
819 1556 1000 1637 Quod
1042 1576 1189 1621 cum
1220 1577 1258 1622 a
1288 1558 1670 1641 quibusdam
1700 1559 2085 1642 proderetur,
2133 1558 2349 1623 mariti
2379 1578 2506 1623 non
2547 1557 2752 1623 solum
2798 1557 2969 1638 ipsas

619 1664 875 1728 domum
923 1682 1199 1728 reversas
1245 1663 1476 1746 pugnis
1509 1666 1572 1727 et
1618 1664 1895 1729 fustibus
1941 1666 2282 1747 excipiunt,
2331 1684 2550 1729 verum
2581 1663 2776 1728 etiam
2820 1682 2969 1727 con·

618 1771 1063 1852 cionatoribus,
1113 1769 1239 1834 nisi
1269 1790 1307 1835 a
1336 1771 1789 1836 consuetudine
1836 1790 2094 1836 suarum
2123 1790 2390 1836 uxorum
2423 1771 2548 1836 sibi
2590 1771 2963 1852 temperent,

617 1878 757 1943 dira
799 1877 1142 1942 minantur.

829 1982 985 2048 *Ida
1028 2003 1175 2048 vero
1221 1982 1297 2047 de
1337 1982 1621 2062 Mervelt,
1671 1982 2135 2048 Transssuviani
2183 1983 2466 2048 coenobii
2512 1981 2967 2063 archivestalis,

617 2109 761 2156 suas
808 2089 1084 2173 virgines
1131 2089 1379 2172 praeter
1422 2087 1673 2171 generis
1721 2088 1821 2153 sui
1852 2087 2289 2154 verecundiam
2325 2092 2514 2172 atque
2559 2087 2967 2171 professionis

616 2215 765 2260 suae
808 2195 1181 2261 institutum
1227 2213 1265 2259 a
1308 2195 1554 2260 levibus
1599 2194 1964 2260 hominibus
2011 2196 2229 2260 seduci
2291 2194 2562 2279 principi
2609 2196 2709 2260 his
2757 2193 2970 2260 verbis

626 2306 724 2368 10.
760 2302 1037 2368 Ianuarii
1087 2302 1448 2385 queritur¹:
1498 2303 1576 2368 Se
1608 2302 1864 2386 quidem
1909 2321 2055 2367 cum
2098 2302 2334 2368 maiore
2376 2301 2700 2385 virginum
2745 2301 2973 2384 parte²

614 2408 735 2473 Dei
780 2407 1092 2491 praesidio
1139 2408 1315 2473 iuxta
1358 2408 1612 2492 regulae
1660 2428 1808 2473 suae
1853 2409 2225 2473 institutum
2255 2408 2485 2473 vixisse
2530 2427 2731 2491 neque
2770 2406 2970 2471 ullam

614 2516 727 2581 ant
772 2512 1096 2598 religionis
1143 2516 1254 2580 ant
1300 2516 1795 2591 ceremoniarum
1838 2515 2265 2597 novationem,
2315 2515 2389 2580 ut
2435 2513 2746 2597 superiori
2792 2513 2971 2596 prin-

615 2621 777 2703 cipis
826 2621 1059 2704 scripto
1105 2621 1454 2701 satisfieret,
1528 2621 1832 2687 hactenus
1879 2622 2234 2701 admisisse3
2293 2639 2517 2685 verum
2562 2639 2731 2684 nunc
2779 2638 2969 2703 quas·

614 2727 760 2792 dam
831 2729 1079 2810 praeter
1126 2746 1373 2792 omnem
1421 2746 1600 2791 suam
1671 2727 2162 2810 expectationem
2209 2726 2311 2790 sui
2379 2725 2665 2791 instituti
2712 2727 2777 2791 et
2821 2744 2971 2808 pro-

612 2833 905 2899 fessionis
952 2833 1180 2898 oblitas
1249 2832 1542 2898 habitum
1588 2834 2027 2913 commutasse,
2098 2830 2394 2896 coenobio
2465 2831 2819 2912 excessisse,
2871 2849 2972 2895 se-

614 2938 987 3005 ditiosorum
1033 2939 1100 3003 in
1132 2940 1289 3004 urbe
1334 2939 1661 3005 conciones
1710 2937 2043 3020 audivisse,
2095 2937 2263 3021 apud
2310 2937 2602 3021 profanos
2633 2937 2800 3002 cives
2835 2955 2972 3002 sese

612 3045 932 3112 continere
978 3064 1178 3129 neque
1209 3044 1290 3109 ad
1335 3044 1757 3110 obedientiam
1802 3044 2081 3109 revocari
2123 3063 2188 3110 se
2218 3044 2374 3127 pati,
2422 3043 2549 3109 nisi
2595 3042 2723 3109 sibi
2754 3043 2974 3128 egredi

613 3152 1065 3235 concionesque
1133 3150 1352 3217 audire
1398 3152 1462 3215 et
1520 3171 1636 3235 pro
1697 3170 1810 3216 suo
1879 3151 2198 3216 arbitratu
2263 3150 2466 3215 redire
2535 3149 2970 3232 permittatur.

612 3256 775 3323 Cum
820 3259 1031 3322 autem
1076 3257 1232 3322 haec
1262 3256 1427 3322 votis
1472 3255 1839 3322 monasticis
1885 3258 1949 3322 et
1981 3276 2129 3322 suae
2171 3255 2548 3339 professioni
2593 3255 2972 3339 episcopali-

613 3381 734 3445 que
766 3360 1158 3428 obedientiae
1203 3363 1389 3445 plane
1435 3361 1861 3444 adversentur,
1913 3381 1978 3428 se
2012 3362 2555 3445 praetermittet&
2599 3379 2726 3426 non
2767 3381 2970 3445 posse,

611 3468 769 3549 quin
813 3467 940 3532 ista
1006 3467 1284 3551 principi
1343 3486 1570 3551 magno
1617 3466 1874 3551 quidem
1919 3466 2135 3532 dolore
2194 3466 2391 3531 animi
2462 3465 2799 3550 significet.
2893 3466 2975 3532 Se

610 3574 781 3638 enim
827 3592 952 3638 non
995 3573 1270 3639 libenter
1313 3573 1391 3638 de
1435 3573 1795 3657 virginibus
1857 3573 1988 3638 suis
2035 3573 2237 3656 queri,
2286 3571 2343 3637 si
2388 3573 2560 3638 salvo
2623 3571 2858 3638 honore
2907 3571 2977 3636 et

608 3678 994 3762 professione
1040 3698 1155 3744 sua
1211 3680 1714 3763 praetermittere
1774 3679 1996 3745 liceret
2043 3678 2299 3763 suisque
2343 3677 2591 3743 viribus
2638 3676 2854 3744 omnia
2897 3677 2971 3742 in

609 3785 955 3868 pristinum
1003 3787 1241 3850 statum
1288 3785 1609 3851 commode
1655 3786 1988 3851 restituere
2031 3785 2263 3868 posset.
2345 3784 2584 3850 Verum
2632 3803 2781 3850 cum
2826 3783 2974 3850 istis

821 3997 868 4066 ὃ)
906 3998 1017 4050 Me.
1029 4016 1046 4049 .-
1082 3996 1412 4068 permittere.

824 4207 867 4277 ¹)
904 4207 1055 4279 Orig.
1092 4209 1169 4263 im
1205 4207 1376 4264 sa-A.
1413 4207 1489 4263 M.
1560 4206 1798 4278 Abgedr.
1833 4207 1924 4262 bei
1960 4207 2014 4262 J.
2050 4207 2106 4261 N
2118 4208 2357 4263 iesert:
2397 4208 2557 4263 U.-B.
2593 4208 2668 4264 1¹.
2707 4207 2762 4264 S.
2801 4207 2975 4262 2341.

822 4293 868 4364 ⁹)
902 4295 991 4350 Im
1027 4296 1344 4351 Schreiben:
1407 4336 1453 4363 „.
1476 4335 1489 4348 .
1510 4335 1524 4349 .
1561 4295 1737 4350 hebbe
1772 4312 1857 4366 η
1892 4312 1998 4351 uns
2032 4311 2198 4351 unser
2249 4313 2515 4367 personen
2552 4296 2770 4365 halven,
2809 4296 2969 4351 oick

607 4380 777 4436 noch
832 4382 1130 4438 etzliche
1176 4384 1537 4453 junfferen
1578 4387 1717 4455 myt
1751 4398 1880 4439 uns
1918 4385 2037 4439 ...⁸
