3259 5075
1188 263 1373 328 Anno
1424 265 1588 328 1541
1643 265 1799 328 acta.
2537 260 2668 325 9113

321 441 571 506 futurae
618 439 914 504 seditioni
946 438 1157 504 aditus
1204 438 1665 523 praecludetur.
1725 438 1793 504 Si
1824 440 2035 503 autem
2064 437 2404 521 imperium
2435 436 2670 502 iterum

323 545 534 627 simili,
572 549 647 611 ut
681 545 1110 629 superioribus
1142 545 1341 627 annis,
1376 544 1772 610 incommodo
1805 544 2096 610 affectum
2127 544 2342 627 fuerit,
2385 543 2670 608 omnium

321 651 785 734 impendiorum
852 651 1231 716 refusionem
1278 652 1344 716 et
1409 651 1790 716 solutionem
1834 670 1872 714 a
1916 650 2203 734 principe
2248 652 2311 715 et
2376 649 2671 714 universa

321 757 800 822 Monasteriensi
846 757 1084 822 ditione
1131 758 1266 822 sine
1311 757 1506 822 dubio
1539 757 1767 843 ‚ipsum
1811 759 2196 821 exacturum.
2267 755 2671 838 *Principem

321 863 533 947 itaque
578 863 925 947 efflagitare
956 866 1020 929 et
1063 883 1333 948 poscere,
1383 866 1459 929 ut
1503 862 1789 928 consules
1821 865 1889 928 et
1931 864 2184 927 senatus
2232 880 2489 926 suorum
2525 881 2669 926 mu-

322 989 546 1034 nerum
586 969 712 1034 sibi
780 969 1221 1053 impositorum
1268 971 1334 1035 et
1379 972 1815 1055 susceptorum
1864 967 2476 1034 administrationem
2522 987 2670 1032 con-

321 1076 587 1141 tinuent.
684 1075 752 1140 Si
797 1096 944 1141 vero
1004 1077 1072 1142 in
1118 1076 1509 1141 ordinatione
1577 1075 1840 1159 politica
1899 1094 2089 1159 supra
2135 1074 2306 1139 dicta
2371 1074 2670 1139 adversus

321 1182 654 1264 aequitatis
722 1184 1288 1266 temperamentum
1349 1203 1414 1248 se
1468 1182 1797 1267 degravari
1866 1181 2389 1262 existimaverint,
2462 1180 2589 1245 sibi
2633 1199 2672 1245 a

318 1288 601 1371 principe
645 1288 1016 1354 mandatum
1062 1307 1222 1371 esse,
1269 1291 1347 1354 ut
1392 1308 1539 1353 cum
1583 1289 1939 1371 legatorum
1984 1287 2250 1371 capituli
2298 1286 2558 1350 consilio
2606 1287 2671 1350 et

320 1394 546 1459 auxilio
608 1394 1010 1461 familiariter
1078 1415 1268 1478 super
1330 1395 1449 1460 hac
1495 1414 1561 1460 re
1607 1394 2049 1477 colloquantur
2093 1395 2158 1458 et
2202 1393 2370 1457 inter
2415 1411 2480 1456 se
2526 1411 2668 1456 sen-

318 1500 545 1565 tentias
616 1501 965 1583 conferant,
1015 1504 1088 1566 ut
1134 1501 1214 1566 ad
1259 1500 1595 1585 aequitatis
1666 1519 1950 1565 normam
2018 1499 2228 1564 omnia
2273 1500 2664 1579 revocentur,

318 1607 774 1689 consiliumque
836 1610 1088 1673 senatus
1149 1608 1430 1690 audiant,
1494 1607 1651 1692 quid
1693 1607 1813 1672 hac
1858 1606 1927 1671 in
1973 1626 2039 1671 re
2085 1605 2373 1689 expedire
2419 1605 2668 1669 censeat

318 1712 544 1796 quidve
590 1714 839 1779 futuros
885 1717 1097 1779 motus
1143 1733 1181 1778 a
1226 1733 1290 1779 se
1337 1716 1400 1779 et
1445 1715 1579 1779 tota
1625 1713 1895 1778 dioecesi
1941 1715 2164 1777 arceat.

525 1822 680 1886 Post
709 1820 1225 1885 deliberationem
1257 1821 1511 1885 brevem
1542 1822 1798 1885 senatus
1831 1818 2196 1902 respondet:
2244 1816 2666 1883 Verissimum

316 1946 472 2008 esse,
544 1927 710 2010 quod
756 1927 883 1992 sibi
949 1928 1263 1992 senatoria
1307 1927 1514 1992 officia
1559 1926 1628 1990 in
1675 1925 1933 1991 civitate
1993 1924 2473 1990 Monasteriensi
2517 1943 2666 1990 cum

315 2034 576 2098 molesta
620 2036 686 2098 et
731 2053 885 2117 pene
930 2033 1318 2098 intolerabili
1378 2033 1640 2116 politiae
1686 2033 1889 2097 forma
1935 2031 2091 2113 sint,
2155 2050 2426 2114 quorum
2470 2030 2666 2095 etiam

315 2139 922 2205 administrationem
989 2142 1203 2206 coacta
1265 2140 1539 2225 quadam
1583 2138 1943 2204 obedientia
2013 2137 2434 2220 susceperint3
2505 2155 2667 2221 quae

316 2245 525 2309 officia
567 2246 622 2310 si
669 2246 844 2311 iuxta
891 2246 1158 2311 formam
1204 2246 1384 2311 illam
1431 2246 1557 2310 sibi
1600 2245 2055 2351 praescriptam
2114 2242 2496 2308 retinuerint
2540 2242 2667 2307 im-

311 2351 760 2436 pleverintque,
809 2371 875 2417 se
922 2353 1182 2418 solitum
1229 2353 1363 2418 sine
1409 2352 1681 2417 factione
1727 2355 1792 2417 et
1836 2320 2220 2416 dissentione
2265 2349 2441 2414 civili
2484 2349 2667 2413 urbis

312 2458 590 2542 regimen
661 2479 785 2523 non
832 2478 1011 2543 posse
1080 2479 1471 2541 conservare,
1545 2460 1713 2524 sicut
1781 2457 2067 2524 articulis
2114 2456 2180 2521 in
2230 2455 2667 2539 superioribus

313 2565 586 2630 comitiis
631 2567 911 2632 recitatis
974 2567 1127 2632 satis
1174 2567 1469 2632 edoctum
1529 2566 1750 2649 fuerit,
1821 2585 1936 2631 cur
1981 2584 2053 2630 ea
2096 2564 2299 2629 forma
2344 2584 2381 2628 a
2426 2582 2491 2628 se
2536 2583 2663 2628 non

312 2670 401 2735 sit
444 2671 817 2754 recipienda.
912 2671 1170 2738 Certum
1230 2673 1424 2738 etiam
1469 2692 1601 2738 esse
1649 2673 1775 2738 alia
1842 2672 2034 2736 huius
2083 2669 2382 2735 dioecesis
2431 2670 2669 2753 oppida

312 2777 722 2860 amplioribus
752 2778 1157 2844 libertatibus
1190 2781 1254 2844 et
1285 2779 1638 2863 privilegiis
1679 2779 1950 2863 gaudere
1982 2780 2046 2842 et
2076 2777 2222 2856 frui,
2273 2795 2417 2840 cum
2449 2778 2665 2841 tamen

312 2885 732 2948 necessarium
776 2885 957 2967 foret,
1007 2885 1060 2949 si
1095 2885 1285 2949 huius
1333 2885 1611 2949 civitatis
1658 2885 2002 2968 pristinum
2050 2884 2239 2948 decus
2274 2884 2360 2947 sit
2406 2901 2663 2966 speran-

311 2987 484 3070 dum,
551 2990 842 3073 pluribus
890 2992 1078 3074 atque
1124 2989 1275 3056 adeo
1324 2991 1501 3056 novis
1562 2990 1969 3055 libertatibus
2017 2992 2081 3055 et
2124 2988 2476 3073 privilegiis
2523 3006 2661 3053 eam

311 3093 550 3159 donari.
641 3097 879 3161 Verum
923 3096 1088 3161 illud
1134 3115 1198 3161 se
1244 3095 1561 3161 mordicus
1610 3098 1674 3160 et
1718 3096 2025 3161 tenaciter
2071 3114 2196 3160 non
2242 3114 2493 3179 urgere3
2541 3094 2663 3159 hoc

311 3203 523 3265 autem
570 3200 773 3266 solum
819 3222 885 3268 se
917 3203 1236 3286 postulare
1282 3206 1346 3268 et
1392 3203 1769 3286 suppliciter
1814 3204 2041 3286 petere,
2092 3204 2166 3267 ut
2210 3202 2278 3265 111
2317 3200 2661 3285 pristinum

308 3304 679 3371 libertatum
741 3310 805 3372 et
862 3309 1340 3393 privilegiorum
1411 3311 1650 3374 statum
1716 3309 2155 3373 restituantur.
2249 3308 2341 3373 Ea
2386 3326 2530 3372 vero
2590 3306 2661 3372 in

309 3411 710 3496 dispendium
742 3414 1020 3480 civitatis
1053 3416 1552 3498 praetermittere
1585 3417 1649 3480 et
1679 3415 1996 3500 negligere
2027 3434 2150 3479 non
2183 3414 2424 3495 debere,
2460 3432 2659 3497 neque

307 3536 373 3582 se
417 3518 582 3583 bona
627 3520 1010 3585 conscientia
1054 3522 1410 3606 quicquam,
1460 3521 1629 3605 quod
1667 3520 1747 3586 ad
1775 3520 2103 3604 politicam
2150 3520 2413 3586 formam
2460 3519 2660 3603 perti-

307 3627 479 3705 neat,
553 3626 876 3691 consulere
935 3645 1135 3711 neque
1192 3627 1262 3691 in
1307 3647 1441 3692 rem
1486 3627 1714 3709 ullam,
1782 3627 2155 3710 priusquam
2218 3626 2655 3705 restituantur,

307 3733 660 3798 consentire
704 3753 903 3816 posse.
966 3733 1206 3817 Rogare
1252 3753 1318 3799 se
1364 3753 1630 3819 quoque,
1678 3734 1755 3798 ut
1797 3732 2143 3798 consiliarii
2190 3734 2255 3797 et
2298 3751 2336 3796 a
2379 3731 2659 3814 capitulo

305 3837 593 3921 deputati
655 3839 724 3904 in
767 3839 887 3904 hac
931 3858 1120 3905 causa
1170 3859 1294 3904 non
1339 3840 1471 3906 sint
1529 3840 1803 3922 indicae,
1873 3838 1982 3904 sed
2027 3837 2315 3903 civilium
2382 3856 2658 3903 commo·

305 3943 530 4010 dorum
573 3946 885 4028 fautores3
932 3946 1053 4011 hoc
1098 3964 1213 4011 sua
1255 3948 1477 4030 sponte
1523 3949 1733 4030 agant,
1783 3945 1951 4030 quod
1992 3945 2236 4010 iustum
2281 3946 2345 4010 et
2388 3963 2659 4029 aequum

302 4049 514 4115 visum
543 4051 755 4134 fuerit,
806 4054 886 4135 et,
934 4054 1011 4117 ut
1041 4052 1438 4137 principibus
1469 4052 1725 4137 imperii
1759 4052 1827 4117 in
1860 4051 2135 4117 comitiis
2167 4050 2657 4117 Wormaciensi-

304 4157 424 4221 bus
470 4158 720 4224 decreto
765 4159 1009 4243 placuit
1027 4163 1068 4241 ¹,
1117 4160 1555 4226 restituantur.

518 4352 560 4421 ¹)
598 4352 724 4424 vgl.
752 4354 889 4409 oben
927 4353 981 4409 S.
1018 4354 1140 4410 866.
1195 4353 1267 4409 So
1302 4353 1471 4409 heisst
1507 4370 1564 4409 es
1601 4353 1743 4408 auch
1778 4354 1837 4408 in
1863 4353 1987 4409 dem
2022 4351 2370 4408 undatierten
2406 4351 2657 4422 Konzept

2695 769 2791 841 ‘p.
2829 769 2953 826 645.
