3259 5075
602 264 738 331 550
1470 261 1653 328 Anno
1705 262 1877 326 1534
1922 262 2079 327 acta.

604 439 809 506 sentia
853 441 919 505 et
962 439 1299 505 verborum
1344 438 1567 503 solatio
1626 438 1935 520 levemus,
1984 436 2211 502 deinde
2258 455 2404 501 cum
2448 436 2568 501 hoc
2628 436 2959 521 negotium

604 546 679 612 ad
730 566 842 612 nos
889 545 1220 629 pertineat,
1291 547 1367 610 ut
1411 545 1504 610 rei
1547 544 1855 629 gerendae
1898 543 2158 608 modum
2203 542 2523 608 communi
2568 543 2760 608 etiam
2804 562 2962 608 con-

606 651 749 720 silio
796 652 1080 717 ineamus
1113 671 1184 716 ac
1214 651 1314 734 iis,
1365 670 1519 736 quas
1565 653 1757 717 Pater
1790 650 1986 734 dedit,
2035 650 2281 716 viribus
2313 669 2387 714 ac
2417 649 2609 715 armis
2656 649 2960 714 adversus

601 759 816 825 hostes
882 760 1130 824 nostros
1189 760 1462 825 utamur.
1558 757 1739 837 Quod
1799 761 2012 824 autem
2057 759 2136 824 ad
2180 759 2424 823 metum
2482 756 2740 838 attinet,
2809 755 2961 839 quis

603 867 886 932 vestrum
932 865 1080 948 erit,
1151 865 1262 948 qui
1321 865 1717 948 formidabit,
1769 865 1913 949 quis
1959 866 2225 946 metuet,
2293 882 2439 927 cum
2484 861 2701 926 nullus
2746 861 2960 926 metus

606 971 692 1037 sit
734 972 805 1037 in
850 973 1047 1038 urbe?
1137 972 1302 1036 Eum
1351 971 1521 1036 enim
1565 992 1715 1036 cum
1761 971 2221 1055 flagitiosorum
2267 968 2536 1034 colluvie
2602 967 2842 1033 ferrum
2885 967 2960 1031 in

603 1097 718 1143 nos
765 1077 1016 1143 assidue
1063 1079 1324 1143 acuente
1373 1079 1527 1142 urbe
1573 1077 1961 1161 fugavimuS,
2031 1076 2440 1142 domesticam
2485 1075 2737 1140 caedem
2781 1075 2959 1138 clan-

607 1183 823 1249 culum
854 1184 1036 1250 nobis
1067 1183 1501 1249 machinantes
1548 1183 2043 1267 profligavimus,
2093 1182 2486 1248 simultatem
2516 1179 2962 1246 exterminavi-

605 1310 767 1373 mus,
817 1290 1079 1356 insidias
1127 1290 1503 1373 expulimus,
1552 1289 1911 1372 periculum
1952 1289 2277 1370 eiecimus;
2326 1287 2707 1353 domesticus
2754 1285 2961 1350 hostis

606 1397 887 1480 excessit,
936 1397 1127 1462 unius
1175 1417 1394 1462 sumus
1443 1396 1787 1480 religionis,
1838 1396 2026 1460 unius
2057 1395 2204 1460 fidei
2253 1414 2325 1459 ac
2355 1394 2531 1477 talea
2581 1392 2796 1477 quales
2842 1411 2963 1456 nos

606 1521 740 1568 esse
772 1505 1036 1586 oportet.
1095 1504 1362 1569 Nullum
1392 1502 1595 1586 igitur
1625 1502 1798 1567 intra
1840 1501 2145 1585 parietem
2192 1501 2439 1567 hostem
2469 1498 2961 1580 extimescimuS,

607 1608 820 1673 omnia
876 1608 1004 1673 iam
1049 1609 1118 1673 in
1164 1611 1319 1674 urbe
1385 1610 1536 1674 sunt
1581 1609 1781 1691 salva,
1852 1609 2126 1692 integra,
2197 1610 2435 1692 pacata.
2530 1605 2699 1685 Quid
2757 1605 2966 1688 igitur

606 1714 991 1781 metuimus?
1050 1716 1375 1781 hostemne
1421 1717 1899 1798 mercenarium,
1960 1715 2234 1798 impium
2279 1714 2570 1794 militem,
2619 1714 2961 1796 raptorem,

607 1823 826 1887 contra
868 1823 1124 1887 Patrem
1171 1842 1439 1907 suosque
1485 1824 1714 1888 electos
1763 1841 1833 1887 ac
1881 1823 2237 1887 charactere
2304 1819 2570 1886 foederis
2616 1818 2961 1902 insignitos

611 1947 785 1992 arma
831 1930 1200 2011 sumentem,
1272 1948 1458 2013 quem
1502 1928 1656 1993 foris
1702 1929 2118 2011 grassantem,
2189 1927 2361 1991 idola
2405 1925 2730 2006 colentem,
2799 1925 2965 1988 luxu

610 2032 1034 2116 diffluentem,
1106 2038 1313 2100 scorta
1359 2037 1727 2117 sectantem,
1794 2036 2080 2101 omnium
2123 2034 2428 2099 vitiorum
2472 2051 2696 2116 genere
2741 2033 2963 2096 conta-

322 2154 424 2227 *p.
459 2155 583 2211 468.
609 2139 925 2203 minatum
970 2141 1429 2224 prospicimus?
1495 2142 1584 2205 At
1628 2140 1740 2206 ille
1784 2144 1993 2207 metus
2039 2140 2192 2207 foris
2240 2141 2364 2221 est3
2412 2139 2580 2203 inter
2622 2138 2810 2202 illum
2856 2135 2968 2202 *et

607 2264 721 2310 nos
767 2245 1153 2310 munitiones
1187 2248 1354 2311 sunt.
1424 2248 1651 2312 Murus
1684 2247 1854 2311 enim
1899 2247 2052 2312 satis
2085 2247 2325 2328 firmus,
2373 2244 2616 2310 vallum
2660 2262 2960 2326 praeceps

609 2351 674 2414 et
719 2369 910 2433 agger
939 2355 1336 2434 praeruptus,
1386 2352 1583 2419 fossae
1615 2371 1925 2435 aquarum
1968 2353 2383 2418 multitudine
2428 2350 2967 2435 profundissimae

610 2455 859 2541 aliaque
908 2459 1395 2542 propugnacula,
1463 2459 1590 2524 imo
1638 2479 1812 2524 arma
1856 2461 2069 2525 nostra
2115 2478 2362 2525 omnem
2404 2460 2648 2523 metum
2692 2477 2730 2523 a
2774 2457 2967 2522 nobis

609 2565 842 2646 arcent,
890 2564 1017 2628 nisi
1062 2568 1277 2629 nostra
1308 2566 1496 2649 culpa
1526 2567 1592 2631 et
1636 2565 1889 2650 ignavia
1934 2567 2166 2631 iterum
2213 2566 2605 2631 admittatur.
2671 2564 2773 2630 Ad
2804 2565 2964 2629 haec

609 2668 793 2752 nihil,
862 2670 1027 2753 quod
1087 2671 1166 2735 ad
1225 2671 1648 2737 defensionem
1692 2673 1986 2755 pertinet,
2036 2671 2446 2737 desideratur.
2541 2671 2704 2736 Sunt
2769 2670 2967 2735 nobis

610 2775 813 2841 omnis
881 2775 1129 2859 generis
1177 2796 1351 2842 arma
1396 2796 1585 2862 quam
1655 2777 1961 2861 plurima3
2032 2779 2213 2842 tanta
2270 2777 2453 2844 nobis
2501 2779 2598 2843 est
2662 2777 2965 2841 bombar-

610 2881 834 2947 darum
881 2882 1249 2966 multitud0,
1317 2886 1395 2949 ut
1438 2904 1564 2949 non
1611 2885 1816 2949 solum
1860 2885 2364 2968 propugnacula,
2436 2885 2695 2949 castella
2738 2885 2804 2949 et
2848 2902 2965 2966 ag-

608 3007 787 3072 geres
833 2988 1075 3055 circum
1121 2991 1340 3054 urbem
1391 3011 1504 3074 per
1546 2991 1795 3058 modica
1840 2992 2031 3056 etiam
2075 2991 2436 3073 intervalla,
2501 3009 2720 3056 verum
2766 2988 2965 3054 etiam

611 3094 850 3179 singuli
879 3095 1006 3160 vici
1052 3098 1116 3161 et
1160 3097 1403 3180 plateae
1448 3099 1781 3163 tormentis
1811 3098 2051 3163 muniri
2094 3099 2367 3181 possint3
2416 3100 2566 3163 sunt
2608 3096 2785 3181 globi
2827 3099 2969 3161 tor-

609 3202 934 3282 mentarii3
1007 3206 1296 3286 superest
1362 3205 1699 3288 plumbum
1743 3206 1812 3270 in
1857 3205 2045 3270 tectis
2091 3205 2474 3288 templorum
2539 3203 2965 3285 turriumque,

611 3306 780 3371 unde
824 3307 1010 3372 fundi
1040 3311 1300 3393 queunt.
1367 3310 1587 3376 Pulvis
1619 3310 1895 3375 nitratus
1941 3311 2011 3375 in
2041 3310 2285 3394 aliquot
2328 3310 2520 3374 etiam
2549 3326 2745 3373 annos
2777 3306 2967 3371 nobis

612 3413 916 3496 suppetit,
980 3434 1094 3479 nec
1158 3416 1339 3481 nobis
1388 3416 1659 3499 sulphur
1724 3417 2090 3500 nitrumque
2135 3417 2328 3482 deest.
2421 3416 2765 3480 Immensae
2811 3432 2967 3496 opes

612 3519 751 3583 auri
799 3520 1164 3604 argentique
1208 3521 1444 3606 impius
1490 3524 1672 3588 iussu
1702 3523 1911 3588 Patris
1958 3525 2209 3588 exactus
2241 3521 2423 3587 nobis
2456 3521 2611 3604 reliq
2619 3520 2733 3585 uit.
2793 3520 2965 3585 Urbs

611 3626 748 3690 tota
791 3625 1097 3691 frumenti
1159 3629 1340 3711 copia
1386 3631 1681 3715 omnique
1727 3632 2082 3695 commeatu
2140 3628 2438 3694 abundat.
2533 3628 2704 3692 Haec
2751 3627 2969 3692 omnia

610 3730 803 3797 Pater
868 3733 1049 3798 nobis
1117 3733 1253 3799 sine
1299 3734 1665 3802 discrimine
1711 3735 1845 3801 ullo
1906 3735 2108 3818 dedit,
2176 3736 2328 3801 haec
2392 3735 2575 3818 quasi
2633 3734 2701 3798 in
2749 3734 2965 3798 sinum

610 3841 902 3904 nostrum
968 3840 1204 3924 absque
1250 3842 1476 3907 sudore
1546 3845 1761 3908 nostro
1806 3841 2052 3907 effudit.
2148 3843 2290 3908 Sola
2348 3840 2655 3906 fortitudo
2703 3842 2767 3906 et
2812 3859 2965 3905 con·

613 3944 851 4010 stantia
893 3948 1107 4012 nostra
1153 3947 1528 4030 requiritur;
1577 3948 1760 4014 dabit
1803 3948 2009 4013 cetera
2054 3949 2250 4013 Deus!
2324 3945 2723 4013 Meditemini
2768 3945 2961 4028 enim,

612 4051 793 4117 cuius
839 4053 1167 4137 negotium
1213 4055 1440 4138 agatur
1476 4055 1738 4120 cuiusve
1783 4054 1988 4138 gloria
2032 4054 2397 4138 quaeratur!
2463 4050 2769 4136 Cogitate,
2817 4050 2963 4135 quis

614 4158 701 4223 sit
729 4158 855 4225 dux
884 4161 1114 4243 noster,
1163 4160 1309 4244 quis
1356 4160 1637 4244 signifer,
1687 4160 1800 4245 qui
1838 4159 2097 4242 milites,
2147 4178 2304 4244 quae
2334 4178 2522 4225 causa
2568 4157 2749 4224 belli!
2798 4177 2832 4222 e
2862 4157 2964 4221 di-

610 4281 810 4346 verso,
880 4264 1024 4348 quis
1070 4264 1155 4330 sit
1202 4265 1329 4330 dux
1389 4266 1702 4350 hostium,
1773 4266 1916 4352 quis
1962 4265 2244 4350 signifer,
2307 4265 2420 4350 qui
2476 4264 2734 4345 militeS,
2805 4282 2964 4348 quae
