3259 5075
1134 315 1317 383 Anno
1372 318 1539 383 1536
1587 320 1744 383 acta.
2481 319 2614 385 895

255 493 528 560 fluviani
571 493 798 577 templi
843 496 1100 577 propter
1138 493 1453 577 insignem
1482 492 1890 558 altitudinem
1922 495 2053 558 arci
2085 494 2450 560 obfuturam
2494 514 2613 579 pu-

256 603 471 666 tarent
490 604 530 683 ¹,
603 601 768 665 unde
826 600 1034 665 iacula
1080 601 1159 665 ab
1205 599 1455 665 infestis
1513 599 1760 664 civibus
1807 600 1900 665 ita
1943 600 2010 664 in
2059 620 2263 666 arcem
2331 602 2614 685 torqueri

258 709 519 790 queant,
583 708 658 771 ut
704 705 1056 771 defensores
1102 726 1139 771 a
1183 705 1648 772 munitionibus
1718 704 1901 771 facile
1971 706 2476 791 deturbarentur,
2527 746 2611 756 —

257 833 453 897 quare
484 813 619 879 eius
665 813 992 896 fastigium
1025 813 1378 878 minoribus
1411 812 1776 895 sumptibus
1822 812 1967 877 tolli
2009 832 2190 896 posse
2228 812 2609 897 existimant,

258 939 449 1004 quam
496 920 737 985 vallum
783 919 860 983 ad
909 921 1153 984 tantam
1213 918 1617 984 altitudinem
1667 918 1870 999 educi,
1920 921 1994 984 ut
2039 919 2390 985 defensores
2437 940 2474 985 a
2516 920 2612 984 ia-

257 1026 420 1090 culis
471 1025 811 1090 securiores
859 1025 1219 1089 reddantur.
1290 1025 1508 1108 Neque
1539 1025 1732 1090 etiam
1779 1027 2029 1090 tantum
2060 1043 2217 1107 opus
2263 1024 2332 1090 in
2365 1045 2429 1090 se
2461 1045 2610 1090 con-

259 1131 483 1197 sistere
530 1152 710 1215 posse
775 1132 1182 1212 arbitrantur,
1231 1133 1307 1196 ut
1351 1151 1477 1196 non
1525 1151 1638 1195 sua
1684 1132 1847 1197 mole
1894 1133 1958 1196 et
2000 1131 2311 1214 gravitate
2357 1131 2608 1215 depres-

260 1257 404 1303 sum
451 1238 518 1302 in
552 1258 616 1302 se
647 1241 914 1303 corruat.
976 1239 1147 1302 Haec
1179 1239 1390 1302 autem
1430 1236 1754 1303 demolitio
1786 1237 2002 1319 turris,
2050 1237 2244 1302 donec
2290 1238 2613 1303 structura

259 1344 421 1409 arcis
471 1344 557 1409 sit
603 1344 909 1426 absoluta,
960 1342 1269 1408 differtur.

476 1451 645 1515 Huic
678 1449 808 1514 arci
856 1450 933 1514 de
963 1449 1226 1514 consilio
1272 1449 1544 1515 aliorum
1590 1450 1883 1514 ordinum
1926 1448 2321 1514 Bernardum
2352 1450 2431 1513 ab
2465 1449 2605 1532 Oer,

259 1556 524 1620 eximiae
571 1558 634 1620 et
678 1555 1036 1621 nobilitatis
1083 1558 1147 1619 et
1193 1556 1586 1620 auctoritatis
1635 1555 1845 1620 virum
1864 1556 1905 1639 ²,
1961 1555 2254 1639 princeps
2299 1556 2604 1639 praeficit.

257 1662 455 1725 Penes
501 1661 670 1726 hunc
704 1680 952 1726 summa
996 1660 1245 1743 imperii
1294 1663 1422 1741 est3
1473 1661 1578 1725 hic
1610 1661 1848 1743 consul,
1898 1661 2004 1725 hic
2037 1663 2303 1742 senator,
2350 1661 2458 1725 hic
2488 1661 2608 1726 tri-

258 1768 469 1831 bunus
515 1767 719 1850 plebis
768 1770 880 1849 est,
945 1767 1050 1831 hic
1095 1767 1523 1850 gubernacula
1568 1767 1748 1832 urbis
1796 1769 1964 1832 solus
2013 1769 2202 1849 tenet,
2268 1766 2394 1832 nisi
2439 1766 2608 1851 quod

260 1875 574 1937 senatores
643 1873 858 1938 inania
902 1873 1255 1938 officiorum
1316 1873 1570 1939 nomina
1631 1873 2112 1954 circumferant3
2183 1872 2289 1937 hic
2332 1893 2446 1955 pro
2493 1892 2606 1939 suo

259 1979 524 2043 arbitrio
572 1980 714 2062 figit
771 1980 1104 2064 refigitque
1148 1980 1347 2064 leges,
1413 1981 1579 2045 cives
1626 1981 1695 2044 111
1740 1999 2015 2044 carceres
2077 1979 2336 2043 coniicit
2380 1999 2607 2063 eosque

260 2104 372 2167 pro
419 2104 535 2150 sua
578 2086 902 2150 voluntate
971 2087 1083 2150 aut
1128 2085 1316 2168 punit
1376 2087 1487 2150 aut
1531 2086 1819 2150 mulctat.
1912 2085 2170 2151 Portam
2228 2084 2607 2169 Bischopin-

256 2209 503 2274 ganam,
551 2192 782 2256 turrim
813 2212 850 2257 a
879 2193 1046 2257 mola
1075 2192 1262 2256 flatili
1292 2212 1518 2258 nomen
1549 2192 1905 2273 habentem,
1957 2211 2250 2274 magnam
2280 2211 2608 2258 murorum

256 2300 499 2379 partem
545 2300 609 2362 et
654 2298 808 2363 alias
855 2317 1256 2383 quascunque
1302 2299 1687 2363 munitiones
1754 2299 1847 2364 ita
1892 2298 2109 2379 diruit,
2160 2300 2235 2363 ut
2278 2300 2412 2362 tam
2456 2318 2606 2364 noc-

257 2405 446 2468 turno
480 2423 665 2487 quam
700 2404 925 2470 diurno
970 2407 1249 2486 tempore
1297 2405 1432 2469 sine
1476 2407 1803 2488 portarum
1849 2424 1969 2470 usu
2000 2406 2065 2469 et
2110 2404 2350 2488 equites
2392 2407 2456 2468 et
2495 2425 2606 2487 pe-

259 2508 421 2574 dites
467 2510 537 2574 in
569 2510 789 2575 urbem
835 2511 1104 2576 transire
1151 2512 1414 2595 possint.
1486 2512 1694 2577 Huius
1726 2510 2005 2576 ministri
2050 2529 2281 2595 magna
2323 2510 2605 2594 impuni-

257 2616 410 2681 tatis
458 2636 565 2700 spe
613 2616 762 2682 freti
807 2617 875 2682 in
921 2619 1100 2684 aedes
1148 2619 1384 2684 civium
1429 2607 1686 2684 irruunt
1729 2621 1810 2700 et,
1862 2619 2163 2703 quicquid
2208 2617 2407 2683 libido
2455 2637 2604 2703 sug-

257 2721 450 2804 gerit,
499 2724 895 2805 perpetrant3
967 2745 1165 2808 neque
1211 2728 1423 2789 tamen
1468 2723 1804 2808 quisquam
1850 2725 1925 2788 de
1969 2725 2209 2790 iniuria
2253 2725 2379 2790 sibi
2425 2724 2605 2789 illata

260 2828 436 2911 queri
469 2828 676 2893 audet.
747 2829 933 2894 Hunc
978 2832 1365 2914 praefectum
1397 2830 1574 2895 urbis
1606 2831 1943 2913 appellant,
1994 2832 2099 2895 cui
2145 2851 2257 2914 pro
2289 2830 2602 2914 stipendio

259 2935 326 2998 in
357 2935 637 3019 singulos
670 2953 862 3002 annos
910 2937 1296 3021 septingenti
1342 2937 1561 3002 floreni
1606 2937 2012 3020 assignantur
2028 2939 2071 3002 ⁸.
2120 2938 2316 3002 Dictu
2344 2937 2599 3019 mirum,

475 3148 514 3214 ¹)
556 3147 626 3202 So
663 3148 932 3203 berichtet
969 3166 1070 3203 nur
1106 3148 1286 3203 Kerss.
1335 3177 1402 3187 —
1452 3147 1497 3216 2)
1534 3148 1609 3201 Ε1
1643 3165 1754 3202 war
1790 3148 1960 3203 selbst
1994 3150 2312 3218 Burgmann
2349 3148 2449 3201 auf
2481 3148 2604 3203 dem

256 3235 627 3306 Bispinghofe.
700 3237 885 3305 Vergl.
924 3238 1007 3292 W.
1046 3237 1268 3292 Sauer
1304 3254 1353 3292 a.
1375 3254 1423 3292 a.
1443 3236 1508 3291 Ο.
1547 3237 1600 3293 S.
1642 3238 1739 3290 191
1764 3236 1802 3292 f.

470 3324 517 3390 ³)
556 3326 659 3379 Die
701 3325 901 3392 „Korte
937 3326 1276 3396 antekunge“
1318 3325 1615 3380 berichtet:
1668 3326 1818 3395 „Dar
1854 3325 1993 3379 nach
2030 3325 2268 3395 eligcrde
2317 3324 2434 3379 sine
2470 3325 2509 3379 f.
2547 3341 2602 3394 g.

259 3413 412 3467 einen
450 3414 805 3483 stadtholder,
844 3418 1049 3484 genant
1083 3415 1286 3468 Berent
1310 3432 1412 3468 van
1441 3415 1563 3483 061,
1601 3414 1724 3468 (16111
1761 3415 1878 3484 gaff
1910 3431 2036 3468 man
2065 3413 2231 3483 jarlix
2269 3429 2429 3467 seven
2465 3412 2601 3466 hun-

259 3502 376 3555 dert
413 3502 614 3572 gulden
652 3503 747 3557 des
785 3507 993 3573 amptes
1031 3503 1226 3557 halven
1277 3520 1381 3556 van
1418 3503 1539 3556 dem
1588 3502 1913 3572 gruthuirse.
1984 3502 2221 3558 Verboet
2257 3501 2369 3555 und
2406 3501 2604 3571 geboet

260 3590 343 3644 die
382 3592 737 3646 stadtholder.
791 3594 896 3646 Die
931 3592 1080 3647 raith
1124 3592 1301 3646 hadde
1338 3609 1479 3662 gyne
1517 3592 1717 3646 macht.
1790 3593 1894 3645 Die
1931 3590 2271 3646 stadtholder
2308 3590 2458 3658 dede,
2495 3607 2602 3644 wes

258 3681 361 3734 ime
398 3680 668 3749 gelevede,
707 3681 834 3734 viell
873 3681 975 3734 den
1012 3682 1211 3751 burget
1247 3681 1302 3734 in
1330 3681 1426 3734 ehr
1461 3681 1639 3749 huser,
1677 3698 1821 3749 warp
1848 3681 1925 3734 sie
1961 3681 2019 3733 in
2045 3680 2132 3733 die
2170 3678 2600 3748 gevenckenisse,

259 3768 536 3823 schattede
572 3769 684 3823 und
720 3768 989 3823 handelde
1027 3771 1121 3836 sie,
1176 3770 1277 3823 wie
1314 3768 1383 3822 he
1420 3768 1625 3823 sulvest
1661 3768 1857 3833 wolde3
1913 3785 2057 3838 warp
2096 3769 2175 3822 aff
2207 3768 2294 3821 die
2342 3768 2601 3837 Bispinok

258 3862 444 3926 porten
482 3856 595 3910 und
631 3858 731 3911 den
764 3857 1156 3911 Windemollen
1194 3857 1411 3921 ‘thorne3
1450 3856 1561 3909 und
1597 3861 1733 3910 wort
1770 3857 1858 3910 die
1895 3856 2046 3910 stadt
2081 3857 2328 3910 Munster
2364 3872 2450 3910 661·
2484 3874 2602 3911 ver-

257 3950 446 4000 wostet
481 3946 593 4000 und
630 3946 905 4014 entfestet,
943 3946 1057 4002 also
1098 3946 1193 4000 dat
1229 3964 1351 4000 men
1388 3950 1490 4000 mit
1527 3945 1728 4014 drogen
1754 3951 1915 3999 voten
1954 3947 2011 3998 in
2047 3945 2135 3999 (116
2170 3945 2320 3999 stadt
2354 3945 2604 4000 Munster

257 4036 325 4104 by
362 4034 652 4089 nachtiden
709 4035 878 4105 ryden
918 4035 1027 4088 und
1067 4052 1205 4105 gaen
1254 4035 1452 4101 koend‚
1506 4036 1607 4088 wie
1646 4034 1826 4088 sulcks
1880 4034 2020 4088 foele
2057 4034 2194 4088 luite
2249 4034 2453 4104 gethan
2489 4032 2602 4088 und

258 4141 448 4194 geseen
485 4124 693 4179 hebben
735 4164 783 4177 ..
806 4124 856 4177 .“
930 4124 1121 4178 Gleich
1159 4122 1369 4178 danach
1406 4123 1571 4176 heifst
1610 4141 1666 4177 es
1704 4123 1923 4177 wieder:
1962 4163 2013 4190 „.
2035 4162 2049 4175 .
2073 4163 2084 4175 .
2122 4123 2231 4176 Des
2270 4122 2600 4176 statholders

257 4212 482 4266 knechte
519 4212 694 4266 vellen
734 4212 837 4266 den
872 4213 1138 4283 burgcron
1177 4213 1233 4265 iu
1261 4211 1348 4266 die
1386 4212 1563 4265 huisse
1601 4212 1712 4264 und
1751 4210 1939 4277 deden,
1978 4214 2087 4265 wat
2123 4211 2200 4264 sie
2237 4209 2463 4279 wolden,
2502 4210 2602 4265 dar

258 4301 371 4354 oick
409 4301 497 4355 die
535 4300 875 4355 stadtholder
909 4301 1080 4355 veken
1117 4301 1270 4355 nicht
1305 4318 1408 4355 van
1433 4305 1653 4355 wueste.
1699 4300 1821 4354 Dan
1858 4301 1957 4353 wie
1983 4299 2088 4353 den
2124 4300 2388 4368 borgeren
2424 4300 2600 4354 konde

256 4389 399 4458 spith
436 4390 549 4444 und
585 4390 722 4444 leith
749 4390 903 4460 doen,
943 4390 1058 4444 ders
1085 4390 1258 4444 worth
1296 4390 1548 4460 gelachet
1583 4389 1695 4443 und
1731 4389 1869 4444 bleff
1900 4388 2311 4459 ungestraffet.“
2380 4389 2433 4444 S.
2460 4388 2603 4443 auch
