3259 5075
369 2254 418 2297 ⁴8.
448 2248 607 2305 April.

629 246 758 310 398
1487 246 1671 312 Anno
1728 247 1893 312 1533
1938 247 2094 312 acta.

624 424 923 502 servetur,
971 422 1262 504 idemque
1308 443 1347 488 a
1390 424 1818 488 sacerdotibus
1872 443 1984 506 pro
2030 423 2290 488 ecclesia
2333 423 2402 488 111
2449 422 2637 488 altari
2680 414 3059 506 quotidie

625 530 853 612 offerri,
903 530 982 595 ad
1027 529 1180 595 haec
1219 529 1637 595 auricularem
1682 529 2131 595 confessionem
2175 528 2418 594 homini
2459 528 2538 594 ad
2585 528 2811 593 salutis
2872 540 3059 590 ne-

625 635 872 720 gotium
916 636 1329 701 necessariam
1376 656 1526 719 esse,
1584 654 1772 721 seque
1817 636 1885 701 id
1930 639 2329 702 ostensurum
2373 635 2442 700 in
2489 636 2775 719 sequenti
2819 649 3055 699 con-

625 743 802 808 cione
849 743 1025 808 dixit.
1106 743 1230 808 Hic
1273 762 1417 808 vero
1465 763 1497 808 e
1529 742 1774 808 diverso
1819 761 1857 807 a
1885 742 2283 809 Rothmanno
2329 742 2603 823 edoctus,
2653 761 2800 807 cum
2847 754 3051 824 quo

628 849 1037 916 collusionem
1068 852 1132 915 et
1162 849 1676 915 consuetudinem
1723 849 1948 914 habuit
1994 850 2099 933 (ut
2135 849 2374 914 multae
2418 849 2638 915 literae
2668 848 3051 931 utrinque

627 957 855 1021 missae
898 957 1299 1039 testantur¹),
1349 956 1425 1021 de
1456 975 1645 1022 coena
1674 955 1989 1022 dominica
2034 955 2124 1021 sic
2155 956 2403 1022 docuit:
2452 955 2801 1021 Christiani
2832 971 3047 1020 coe-

629 1082 774 1128 nam
805 1061 1184 1128 dominicam
1215 1062 1591 1128 celebraturi
1623 1062 1967 1128 secundum
1998 1062 2240 1128 Christi
2281 1062 2653 1129 institutum
2681 1081 2752 1127 ac
2787 1057 3045 1127 Pauli

628 1169 1035 1254 praeceptum
1101 1168 1265 1233 inud
1334 1168 1534 1234 facere
1579 1168 1827 1235 debent.
1918 1170 2003 1234 Et
2048 1168 2407 1253 quicunque
2470 1188 2723 1235 coenam
2790 1168 3037 1233 illam

628 1275 1009 1342 dominicam
1056 1275 1147 1341 ita
1196 1275 1658 1359 usurpaverint,
1715 1275 1846 1340 illis
1892 1276 2003 1341 fiet
2046 1295 2272 1359 corpus
2319 1278 2383 1341 et
2427 1276 2683 1360 sanguis
2730 1271 3029 1341 Christi

628 1382 699 1447 in
730 1381 1158 1447 remissionem
1203 1385 1615 1466 peccatorum.
1676 1382 1742 1448 Si
1775 1402 1917 1448 vero
1949 1383 2044 1447 ita
2071 1403 2197 1448 non
2227 1383 2687 1466 usurpaverint,
2737 1382 3014 1459 manet,

632 1490 800 1555 sicut
828 1491 893 1555 et
938 1493 1082 1555 ante
1112 1489 1256 1571 fuit,
1303 1489 1502 1573 panis.
1582 1489 1836 1574 „Neque
1881 1490 2208 1554 ferendum
2253 1494 2410 1571 est,“
2461 1489 2690 1573 inquit,
2745 1490 2863 1571 „ut
2912 1488 3015 1552 in

632 1595 902 1680 lapideis
934 1595 1216 1661 aureisve
1262 1597 1673 1679 receptaculis
1706 1598 2038 1663 conclusus
2071 1597 2380 1679 adoretur,
2423 1617 2569 1662 cum
2601 1598 2770 1663 solus
2803 1597 3008 1661 Deus

634 1704 721 1769 sit
778 1702 1148 1768 adorandus,
1242 1704 1570 1769 Praeterea
1640 1723 1785 1769 cum
1827 1703 2118 1771 Christus
2189 1704 2381 1769 semel
2448 1702 2861 1787 semetipsum
2911 1700 3007 1766 in

633 1829 740 1875 ara
785 1809 990 1874 crucis
1057 1829 1167 1893 pro
1230 1810 1503 1894 peccatis
1573 1810 1904 1876 hominum
1959 1811 2027 1875 in
2074 1831 2139 1876 se
2186 1810 2576 1876 credentium
2620 1808 2760 1874 Deo*
2797 1808 3003 1874 Patri

633 1915 896 1997 obtulit,
945 1935 1143 1999 neque
1189 1916 1398 1981 ullum
1443 1918 1619 1982 aliud
1665 1918 2043 1983 sacrificium
2091 1916 2259 2001 apud
2304 1918 2512 1983 Deum
2554 1917 2811 1982 Patrem
2857 1933 2998 1979 un·

634 2042 823 2107 quam
867 2023 1146 2106 proderit
1164 2023 1248 2088 ².“

848 2131 1019 2195 Haec
1048 2149 1193 2194 cum
1241 2129 1320 2195 ad
1366 2132 1650 2195 senatum
1697 2130 2095 2210 referrentur,
2144 2131 2396 2195 senatus
2440 2132 2784 2212 utrumque
2829 2146 2997 2192 con-

635 2236 1012 2301 cionatorem
1062 2237 1122 2301 8.
1170 2235 1410 2318 Aprilis
1458 2235 1830 2302 concionum
1876 2256 2131 2301 suarum
2176 2238 2484 2302 rationem
2533 2238 2866 2301 exacturus
2911 2234 2995 2298 in

637 2343 878 2407 curiam
919 2343 1101 2407 vocat
1116 2343 1159 2407 ³.
1254 2341 1476 2407 Civilis
1523 2344 1691 2408 enim
1736 2343 2101 2409 concordiae
2146 2343 2625 2409 dissolutionem
2693 2343 3001 2407 futuram

634 2448 891 2530 metuit,
964 2448 1020 2513 si
1080 2450 1464 2532 pugnantem
1533 2449 1885 2515 doctrinam
1950 2450 2121 2514 intra
2181 2468 2296 2515 sua
2361 2450 2608 2515 moenia
2675 2449 2989 2533 patiatur.

636 2556 1099 2623 Confessionem
1144 2576 1289 2640 ergo
1335 2557 1484 2622 fidei
1529 2576 1677 2622 suae
1723 2558 1801 2622 ab
1849 2562 2113 2641 utroque
2157 2557 2251 2621 ibi
2308 2559 2630 2640 praesente
2676 2558 2995 2639 scriptam

637 2663 849 2747 exigit.
941 2663 1041 2727 Ad
1087 2682 1246 2746 quae
1294 2662 1770 2728 Steinmannus:
1841 2664 2030 2729 fidem
2077 2684 2256 2729 suam
2301 2684 2335 2729 a
2382 2664 2791 2729 concionibus
2847 2661 2993 2727 suis

856 2914 896 2977 ¹)
933 2912 1104 2966 Nicht
1127 2911 1279 2965 mehr
1314 2911 1697 2966 nachweisbar.
1736 2942 1800 2950 —
1842 2911 1884 2980 ²)
1922 2911 2046 2982 vgl.
2073 2912 2161 2966 (116
2188 2911 2363 2966 damit
2397 2910 2993 2966 iibercinstimmcnden

637 2999 891 3056 Berichte
927 3001 1020 3055 des
1047 3000 1287 3071 Kaplans
1315 3000 1608 3071 Steymann
1645 3017 1765 3054 vom
1790 3001 1840 3054 5.
1866 3000 1978 3054 Mai
2016 3001 2127 3054 und
2152 3001 2246 3055 des
2270 3001 2697 3055 Archidiaconus
2722 2999 2907 3054 Herm.
2935 3018 2991 3055 v.

603 3111 608 3118 ·
638 3089 925 3159 Dungelen
949 3106 1069 3143 vom
1094 3090 1180 3144 24.
1205 3088 1320 3142 Mai
1344 3107 1413 3143 an
1441 3090 1543 3143 (1611
1568 3088 1813 3152 Bischof3
1852 3089 2008 3142 beide
2032 3090 2108 3142 im
2133 3089 2282 3158 Orig.
2308 3091 2384 3143 im
2410 3089 2579 3144 St.-A.
2606 3089 2682 3143 M.
2737 3089 2995 3144 Ersterer

638 3180 714 3233 ist
750 3178 1024 3246 teilweise,
1079 3178 1332 3232 letztcrer
1385 3176 1718 3244 vollstandig
1768 3177 2103 3247 abgedruckt
2157 3177 2242 3231 bei
2280 3178 2333 3233 J.
2371 3178 2425 3231 N
2437 3179 2673 3232 icsert:
2712 3178 2870 3232 U.-B.
2909 3176 2990 3233 1¹.

640 3267 694 3322 S.
720 3266 824 3320 207
841 3267 897 3321 ff.
954 3267 1103 3320 Ganz
1140 3266 1382 3320 deutlich
1419 3267 1564 3336 zeigt
1599 3265 1712 3319 sic-h
1751 3267 1809 3318 in
1834 3265 1937 3319 (1611
1961 3264 2366 3336 Aeul'serungen
2394 3266 2722 3337 Regewart's
2761 3265 2849 3320 dic
2873 3265 2993 3319 An-

639 3355 882 3425 lehnung
918 3372 985 3408 an
1025 3354 1114 3409 die
1149 3372 1250 3409 von
1278 3354 1382 3408 den
1417 3354 1825 3408 Miinsterschen
1852 3353 2216 3408 Predikanten
2253 3356 2309 3408 in
2346 3354 2493 3409 ihrer
2533 3355 2815 3424 „Epitome
2852 3371 2992 3424 quo-

638 3444 868 3500 rundam
905 3445 1199 3498 abusuum“
1243 3449 1308 3510 (s.
1346 3443 1446 3496 Β(1.
1481 3446 1502 3495 l
1543 3443 1596 3497 S.
1643 3442 1841 3497 18611.»
1881 3442 2318 3512 niedergclegtcn
2356 3443 2811 3513 Anschauungcn.

856 3533 899 3588 ³)
939 3533 1057 3586 Wie
1083 3532 1222 3586 auch
1248 3532 1542 3602 Steymann
1567 3533 1623 3585 in
1650 3532 1851 3585 seinem
1875 3531 2128 3585 Berichte
2153 3533 2392 3601 angicbt,
2432 3532 2569 3586 doch
2596 3532 2736 3586 ohne
2762 3533 2989 3586 Datum.

640 3623 745 3677 Die
781 3621 1150 3691 ungedruckte
1190 3620 1360 3675 Stelle
1413 3619 1615 3674 lautet:
1680 3661 1725 3684 ,,.
1748 3662 1761 3674 .
1783 3662 1796 3675 .
1834 3620 2012 3674 116111111
2050 3620 2163 3674 sick
2216 3620 2638 3690 burgcrmeistcr
2691 3620 2804 3674 und
2840 3621 2992 3674 raidt

640 3714 822 3781 sampt
869 3709 1214 3780 gemeynheit
1250 3712 1287 3764 i.
1320 3710 1359 3763 f.
1398 3728 1450 3778 g.
1489 3709 1639 3763 stadt
1676 3708 2006 3778 Warendorp
2066 3713 2335 3778 genantcn
2374 3714 2561 3779 pastor
2598 3709 2709 3763 und
2764 3726 2856 3779 my
2893 3726 2990 3779 ge·

640 3799 984 3871 lyckmetych
1008 3815 1104 3852 vor
1127 3815 1300 3852 61111611
1324 3801 1425 3868 upt
1458 3797 1765 3867 raidthuyss
1791 3797 2095 3850 erforderen
2120 3797 2267 3851 laten
2307 3798 2417 3851 und
2443 3815 2545 3853 uns
2571 3796 2989 3868 voergeholden,

640 3905 726 3943 wu
764 3905 821 3943 se
856 3887 1125 3942 berichtet
1159 3887 1388 3955 werden,
1437 3887 1534 3940 dat
1568 3904 1651 3955 wy
1689 3885 1787 3940 dat
1819 3886 1993 3940 werdt
2030 3885 2202 3940 Godts
2239 3887 2510 3957 ungelyck
2546 3887 2837 3957 predicken
2874 3887 2992 3940 und

640 3976 1015 4043 νοω-1111611166,
1054 3976 1152 4029 dar
1187 3992 1244 4030 se
1269 3974 1378 4029 und
1405 3991 1493 4028 ere
1518 3991 1665 4028 arme
1704 3973 2045 4028 unwettende
2083 3975 2389 4042 ingesetten
2413 3975 2660 4044 verfuyrt
2695 3974 2808 4028 und
2834 3974 2990 4029 thom

643 4064 1067 4120 unchristlicken
1104 4064 1326 4133 geloven
1383 4062 1628 4117 kommen
1666 4062 1942 4130 mochten,
1996 4061 2107 4116 und
2143 4078 2245 4117 uns
2299 4063 2602 4133 ermaynth,
2639 4081 2725 4134 wy
2763 4080 2849 4118 em
2886 4063 2990 4117 11111

644 4154 862 4210 solchen
913 4169 1177 4222 erryngcn
1230 4151 1431 4206 redden
1486 4150 1721 4214 wolden3
1779 4150 1885 4204 dan
1942 4151 2264 4221 nichdcmyn
2312 4151 2410 4205 dat
2447 4168 2551 4222 eyn
2587 4152 2706 4207 ider
2741 4168 2847 4206 van
2885 4168 2991 4206 uns

642 4260 776 4314 syne
812 4243 1144 4313 predicatien
1182 4241 1277 4295 des
1314 4244 1644 4294 sacramentz
1682 4238 1876 4294 halven
1931 4256 2061 4309 eyns
2097 4240 2282 4295 idercn
2318 4241 2684 4312 bekantnyssc
2720 4241 2832 4296 und
2869 4258 2991 4295 vor-

643 4348 864 4387 nemens
901 4329 1222 4386 schrifftlick
1258 4346 1551 4399 overgcven
1588 4328 1701 4382 und
1737 4328 2033 4383 entdecken
2067 4327 2212 4383 wille
2249 4368 2263 4381 .
2282 4368 2297 4384 .
2318 4330 2366 4382 .“
