3259 5075
632 257 770 326 450
1500 256 1686 323 Anno
1735 258 1909 325 1533
1954 260 2112 324 acta.

637 436 843 501 solum
889 434 1250 517 catholicos,
1296 452 1518 499 verum
1549 433 1744 499 etiam
1773 434 2186 517 LutheranoS,
2236 452 2380 500 suos
2420 433 2713 517 parentes
2745 449 2818 496 ac
2849 448 3000 495 auc-

634 543 801 607 tores
814 592 830 624 ,
896 540 1191 607 convitiis
1256 540 1729 624 prosequuntur
1773 541 1961 624 atque
2006 541 2084 607 ab
2132 540 2214 605 iis
2261 538 2651 629 dissentiunt
2715 534 2998 603 retincti.

636 646 876 713 Scribit
942 645 1115 712 enim
1178 647 1619 713 Bothmannus
1689 666 1852 713 anno
1900 649 2005 713 33.
2054 647 2363 732 postridie
2420 645 2872 712 Penthecostes
2918 641 3005 707 ad

634 753 1073 818 Hermannum
1099 753 1570 836 Regewardum,
1603 756 1923 836 pastorem
1955 754 2579 838 Warendorpensem,
2625 751 2698 817 in
2729 747 3007 835 epistola

634 858 907 942 quadam
925 861 952 898 ¹
994 859 1065 923 111
1094 857 1250 924 haec
1294 860 1516 925 verba:
1569 859 1868 943 „Mirum‚
1917 861 2226 946 quantum
2269 858 2623 926 Lutherani
2668 855 3006 940 negotium

633 964 982 1031 moliantur
1025 964 1094 1029 in
1140 984 1285 1048 noS,
1357 965 1468 1031 sed
1513 985 1642 1031 non
1699 966 2030 1049 timemuS,
2101 967 2257 1050 quin
2301 965 2614 1031 Dominus
2658 982 2796 1029 rem
2840 962 3006 1026 bene

633 1069 1085 1154 fortunabit.“)

853 1177 912 1242 8.
962 1175 1195 1243 Gentes
1240 1196 1387 1243 vero
1434 1196 1568 1242 esse
1615 1176 1934 1260 simplices
1980 1178 2046 1242 et
2088 1176 2331 1243 fraudis
2378 1177 2662 1261 expertes
2710 1174 2881 1239 cives
2931 1190 3007 1236 ac

635 1282 962 1365 agricolas,
1012 1283 1125 1366 qui
1171 1282 1567 1348 sacerdotum
1619 1283 1940 1367 figmentis
1987 1283 2254 1349 credunt
2272 1285 2314 1348 ².

852 1389 913 1453 9.
958 1388 1140 1454 Intra
1184 1408 1378 1454 annos
1424 1388 1604 1454 mille
1651 1391 1718 1454 et
1760 1388 2252 1473 quadringentos
2298 1389 2553 1455 nullum
2598 1386 2668 1452 in
2700 1387 2851 1452 orbe
2896 1384 3007 1449 fu-

634 1493 760 1560 isse
792 1513 1015 1559 verum
1060 1493 1499 1575 christianum,
1549 1513 1752 1579 neque
1797 1495 1943 1578 post
1972 1496 2257 1577 tempora
2287 1494 2532 1561 Christi
2561 1492 2774 1558 ullum
2804 1490 3010 1556 fuisse

636 1599 1052 1683 sacerdotem,
1121 1618 1323 1684 neque
1369 1600 1690 1683 apostolos
1743 1600 1916 1683 ipsos
1964 1600 2313 1666 sacerdotes
2359 1600 2576 1681 fuisse,
2650 1598 2762 1665 sed
2807 1596 3008 1662 mini-

637 1707 800 1771 stros
846 1706 994 1788 Dei,
1066 1706 1178 1790 qui
1234 1708 1502 1772 verbum
1569 1726 1759 1772 suum
1827 1707 2401 1790 annunciaverunt3
2474 1705 2810 1773 Christum
2854 1722 3008 1770 vero

634 1812 942 1878 ultimum
986 1812 1182 1877 fuisse
1229 1813 1617 1878 sacerdotem
1636 1814 1681 1878 ³.

858 1920 957 1984 10.
1007 1917 1313 1984 Gentium
1358 1919 1765 2003 magistratui
1808 1938 1935 1984 non
1980 1937 2113 1983 esse
2159 1916 2578 1983 obediendum
2594 1918 2640 1981 ⁴.

858 2025 959 2091 11.
1008 2024 1241 2091 Gentes
1289 2027 1435 2089 ante
1499 2026 1751 2108 tempus
1798 2043 1836 2089 a
1878 2025 2010 2089 Deo
2056 2023 2464 2106 praefinitum
2531 2042 2660 2088 non
2705 2041 2844 2088 esse
2890 2021 3010 2087 do—

635 2130 864 2196 cendas
882 2132 928 2196 5.
1008 2129 1324 2196 Mundum
1368 2130 1539 2195 enim
1582 2132 1845 2215 propter
1897 2131 2227 2213 peccatum
2271 2129 2631 2194 luctuosam
2674 2128 2859 2213 prius
2909 2127 3011 2192 af-

634 2236 986 2301 flictionem
1015 2255 1355 2319 passurum
1392 2235 1746 2320 impiosque
1774 2236 1845 2300 in
1875 2254 1980 2301 ore
2010 2235 2210 2319 gladii
2242 2252 2512 2316 casuros,
2563 2233 2712 2299 inde
2743 2232 3012 2299 relictos

636 2340 1012 2423 superstites
1059 2339 1140 2405 ad
1184 2359 1456 2424 regnum
1499 2341 1620 2406 Dei
1666 2341 2072 2407 concionibus
2119 2361 2252 2406 esse
2296 2340 2627 2406 vocandos.

856 2447 958 2510 12.
1009 2444 1337 2510 Christum
1366 2445 1709 2510 humanam
1739 2447 2035 2511 naturam
2064 2464 2102 2510 a
2122 2445 2327 2510 Maria
2354 2465 2482 2511 non
2513 2444 2943 2528 assumpsisse
2961 2445 3012 2510 Β.

858 2552 959 2616 13.
1009 2549 1318 2635 Coniugia
1361 2551 1854 2617 christianorum
1897 2552 2244 2618 revocanda
2288 2570 2439 2635 esse,
2491 2571 2639 2617 cum
2686 2552 2833 2616 ante
2879 2550 3014 2617 ite-

351 2676 453 2747 ·p,
487 2674 611 2733 400,
636 2659 852 2722 ratum
896 2654 1328 2740 *baptismum
1372 2657 1669 2741 coniugia
1712 2677 1837 2723 non
1881 2658 2121 2724 fuerint
2138 2660 2181 2722 ⁷.

861 2763 961 2829 14.
1011 2762 1406 2829 Christianos
1468 2782 1629 2845 esse,
1700 2763 1811 2847 qui
1870 2764 2152 2847 primum
2194 2764 2264 2828 in
2312 2762 2644 2829 Christum
2710 2763 3013 2846 credunt,

634 2867 861 2933 deinde
909 2868 978 2932 in
1023 2867 1276 2933 nomine
1322 2868 1459 2933 eius
1503 2868 1814 2950 baptizati
1859 2869 2010 2933 sunt
2025 2868 2069 2933 ⁸.

854 2973 958 3039 15.
1007 2973 1243 3038 Uxores
1285 2973 1550 3038 maritos
1600 2992 1746 3038 suos
1792 2972 2077 3038 dominos
2126 2974 2537 3057 appellabunt
2558 2977 2604 3040 ⁹.

856 3081 957 3145 16.
1006 3079 1223 3162 Neque
1264 3078 1493 3144 famuli
1534 3096 1737 3161 neque
1769 3078 2041 3144 famulae
2086 3078 2304 3144 fideles
2335 3099 2484 3144 cum
2530 3081 2835 3164 gentibus
2868 3100 3016 3148 ma-

635 3184 939 3250 trimonia
968 3183 1343 3249 contrahent
1374 3202 1575 3266 neque
1605 3182 1835 3248 iisdem
1865 3183 2229 3266 inservient,
2265 3184 2375 3249 sed
2407 3186 2560 3252 solis
2599 3184 2906 3253 fidelibus
2926 3187 3013 3253 ¹⁰.

635 3409 952 3466 Lutterisch
1004 3412 1215 3476 nomet,
1271 3408 1380 3463 dan
1415 3408 1504 3462 die
1540 3408 1802 3478 Papisten
1857 3409 1942 3463 sin
1979 3425 2144 3479 gerne
2179 3411 2238 3464 111
2275 3409 2382 3466 den
2419 3412 2623 3468 kerken
2679 3413 2797 3468 und
2834 3413 3017 3470 horen

635 3500 818 3566 misse,
855 3495 970 3551 und
1005 3495 1073 3551 de
1108 3494 1469 3550 Lutterschen
1513 3511 1679 3565 gerne
1715 3511 1788 3564 up
1826 3493 1931 3550 den
1965 3496 2294 3551 heirbenken
2331 3539 2344 3554 .
2368 3538 2382 3554 .
2403 3500 2451 3555 .“
2531 3499 2589 3555 S.
2626 3501 2897 3556 zeitschr.
2941 3503 3016 3557 20

637 3584 825 3654 (1859)
862 3583 917 3639 S.
958 3582 1062 3637 158
1116 3582 1229 3636 und
1264 3581 1480 3636 Herm.
1517 3581 1994 3637 Hamelmann:
2032 3582 2116 3637 De
2151 3584 2478 3656 paedobapt.
2514 3587 2605 3643 Bl.
2641 3588 2692 3642 D
2716 3590 2769 3644 1.

856 3689 900 3758 ι)
935 3688 992 3742 N
991 3686 1111 3742 icht
1142 3686 1300 3741 mehr
1333 3686 1717 3742 nachweisbar.
1768 3715 1835 3726 —
1886 3685 1931 3756 ²)
1966 3686 2055 3742 Ist
2089 3687 2177 3743 die
2212 3690 2582 3763 Fortsetzung
2618 3692 2718 3749 der
2752 3694 3018 3751 Antwort

637 3778 675 3832 J
676 3775 862 3831 akob’s
900 3775 1001 3829 auf
1031 3775 1121 3829 die
1146 3773 1577 3843 Zwischentrago
1611 3773 1702 3828 bei
1728 3773 1941 3828 Artikel
1965 3776 2016 3830 6.
2054 3804 2123 3814 -
2162 3775 2208 3846 ⁸)
2243 3776 2332 3833 Ist
2353 3777 2607 3836 Antwort
2641 3781 2679 3835 J
2681 3782 2874 3838 akob’s
2915 3782 3023 3839 auf

639 3866 761 3920 eine
799 3861 1230 3931 Zwischenfrage
1264 3860 1354 3915 bei
1388 3859 1601 3915 Arfikel
1637 3862 1672 3915 3
1707 3860 1820 3916 und
1855 3861 2072 3918 Schluss
2108 3863 2424 3937 derjenigen
2461 3869 2552 3923 bei
2588 3869 2809 3928 Artikel
2847 3872 2904 3928 6.
2944 3900 3016 3913 —

639 3953 686 4019 ⁴)
721 3952 776 4008 J.
813 3951 865 4021 8,
901 3950 965 4005 E.
1000 3951 1054 4018 8,
1092 3948 1153 4004 C.
1189 3949 1242 4003 8.
1301 3948 1478 4003 Jakob
1518 3947 1724 4003 erklart
1758 3949 1941 4005 diesen
1977 3950 2189 4007 Artikel
2224 3952 2316 4008 fur
2350 3955 2595 4013 unwahr.
2634 3987 2705 3998 —
2750 3958 2799 4030 ⁸)
2838 3959 2896 4015 J.
2925 3961 3018 4029 11,

638 4039 702 4095 E.
730 4040 817 4107 11,
855 4037 915 4094 C.
947 4038 1029 4092 11.
1089 4036 1178 4090 1111
1211 4035 1503 4106 folgenden
1528 4034 1657 4090 Sata
1694 4036 1822 4106 ffigt
1854 4037 2038 4094 Keras.
2074 4039 2164 4095 die
2199 4041 2401 4097 nabere
2425 4043 2744 4118 Erumg
2777 4047 3016 4103 Jakob's

639 4143 709 4181 zu
733 4126 939 4181 diesem
960 4123 1174 4179 Artikel
1199 4123 1380 4179 hinzu.
1418 4152 1485 4163 —
1524 4123 1570 4190 ⁸)
1606 4124 1662 4179 J.
1687 4125 1772 4193 10,
1808 4124 1871 4181 E.
1900 4127 1982 4194 10,
2007 4124 2069 4181 C.
2096 4128 2182 4182 10.
2218 4157 2288 4168 —
2329 4129 2375 4199 '‘)
2409 4131 2465 4187 J.
2493 4133 2579 4203 12,
2616 4134 2683 4190 Ε.
2711 4135 2800 4204 12,
2828 4134 2896 4193 C.
2925 4135 3015 4192 12.

642 4244 710 4255 ·—
766 4213 813 4283 ⁸)
860 4212 949 4269 Ist
1001 4211 1225 4268 Jakob’s
1278 4210 1527 4267 Antwort
1580 4212 1681 4266 auf
1730 4213 1850 4268 01110
1905 4214 2335 4287 Zwischenfrage
2389 4218 2480 4274 bei
2534 4220 2755 4279 Artikel
2798 4224 2885 4281 16.
2943 4251 3017 4264 —

642 4300 688 4368 ²)
723 4301 777 4356 J.
816 4300 902 4370 14,
939 4300 1004 4355 Ε.
1046 4300 1129 4368 13,
1165 4297 1228 4354 C.
1265 4298 1352 4354 13.
1388 4328 1456 4339 —
1498 4295 1565 4368 ¹⁹)
1602 4297 1658 4354 J.
1698 4299 1782 4369 15,
1818 4298 1880 4355 Ε.
1919 4300 2005 4370 14,
2043 4299 2104 4357 C.
2142 4302 2228 4358 14.
