3259 5075
1140 302 1324 369 Anno
1375 302 1546 369 1553
1592 302 1751 369 acta.
2481 302 2610 368 947

254 499 402 545 esse
448 478 771 561 volumus,
834 479 911 545 ut
954 479 1166 545 tamen
1226 478 1297 544 in
1341 476 1878 563 negotiationibus
1924 477 1989 544 et
2030 476 2208 543 victu
2265 476 2617 562 quaerendo

255 587 529 652 honeste
575 587 640 650 et
684 585 878 670 probe
925 605 991 651 se
1034 587 1258 669 gerant
1301 584 1829 669 magistratuique
1872 603 1985 650 suo
2031 583 2479 668 obtemperent.

483 690 945 758 Confirmamus
992 691 1202 774 etiam,
1252 689 1553 776 quicquid
1599 710 1638 756 a
1674 689 2060 774 consulibus,
2110 690 2333 755 senatu
2377 691 2443 755 et
2485 689 2620 775 ple-

258 799 402 864 beis
447 798 781 882 praefectis
815 796 894 864 ad
925 796 1410 864 conservandam
1455 817 1674 881 pacem
1705 798 1769 863 et
1812 795 2342 880 tranquillitatem
2386 795 2457 861 in
2499 796 2621 863 hac

262 905 596 988 republica
625 905 696 970 in
725 905 1052 988 posterum
1081 902 1471 969 unanimiter
1500 903 1922 969 constitutum
1952 903 2017 967 et
2047 901 2368 968 decretum
2404 901 2618 968 fuerit.

263 1012 337 1077 Si
369 1030 516 1077 vero
562 1010 682 1077 hac
711 1010 782 1076 in
812 1030 879 1076 re
911 1009 1333 1076 controversia
1375 1008 1543 1074 inter
1586 1009 1759 1094 ipsos
1804 1007 2121 1092 inciderit,
2170 1028 2360 1093 quam
2395 1011 2622 1075 mutuo

264 1116 597 1183 decernere
644 1136 769 1183 non
815 1117 1092 1201 possint,
1139 1135 1212 1182 ea
1255 1117 1470 1182 nostro
1539 1135 2046 1183 successorumve
2091 1115 2339 1183 decreto
2385 1117 2622 1201 absque

264 1222 402 1288 ullo
447 1221 663 1287 latiori
732 1221 961 1306 effugio
1031 1221 1376 1288 decidetur.
1470 1222 1692 1288 Omnis
1753 1222 1947 1288 etiam
2012 1222 2333 1306 simulta8‚
2382 1222 2619 1306 odium,

266 1326 602 1410 discordia,
651 1326 1094 1394 malevolentia
1122 1329 1187 1394 et
1230 1327 1587 1394 diffidentia
1629 1328 1799 1395 inter
1843 1330 2132 1396 senatum
2161 1329 2226 1395 et
2268 1329 2521 1414 plebem
2552 1330 2620 1395 in

266 1434 649 1516 perpetuum
717 1435 905 1499 erunt
948 1433 1218 1500 sublata.
1309 1434 1395 1499 Et
1439 1455 1517 1500 ne
1563 1436 1818 1501 senatus
1865 1454 1976 1501 suo
2022 1434 2243 1501 honori
2292 1436 2357 1500 et
2401 1434 2619 1501 existi-

266 1538 535 1605 mationi
580 1540 918 1625 quicquam
963 1539 1259 1606 decedere
1302 1542 1507 1625 putet,
1555 1540 1998 1607 iusiurandum
2045 1540 2384 1626 superioris
2431 1540 2618 1606 resti-

267 1645 538 1711 tutionis
585 1645 838 1711 nomine
883 1645 1263 1729 praestitum
1307 1645 1560 1712 omnino
1606 1645 2011 1712 remittimus,
2087 1646 2178 1713 Ut
2220 1644 2473 1712 *autem
2521 1666 2617 1737 se-
2642 1663 2739 1737 *μ
2777 1663 2900 1720 671.

269 1753 442 1817 mota
486 1751 657 1817 omni
722 1751 942 1817 fraude
1003 1750 1269 1836 doloque
1338 1750 1780 1836 plenissimum
1847 1751 2042 1817 robur
2097 1751 2201 1817 his
2246 1750 2450 1817 literis
2495 1751 2618 1816 tri-

270 1859 522 1941 buatur,
570 1877 673 1924 eas
719 1858 898 1943 signo
932 1858 1144 1923 nostro
1184 1856 1410 1923 maiori
1440 1858 1506 1924 et
1547 1877 1742 1924 manu
1783 1857 2041 1943 propria
2069 1856 2616 1923 communivimus.

273 1964 472 2030 Datae
515 1964 943 2050 Bevergernae
988 1964 1291 2032 Mercurii
1334 1968 1481 2051 post
1523 1965 1768 2032 Exaudi
1811 1985 1972 2032 anno
2018 1965 2276 2032 Domini
2325 1965 2561 2031 1553.“
2648 1984 2715 2027 1⁷.
2743 1980 2859 2024 Mat.

483 2106 865 2190 Respublica
924 2104 1440 2173 Monasteriensis
1499 2126 1626 2172 non
1672 2106 1798 2172 sibi
1855 2104 2013 2173 satis
2066 2124 2199 2172 esse
2256 2105 2513 2191 putavit
2555 2124 2622 2172 se

272 2210 340 2276 in
401 2211 747 2296 pristinum
807 2212 1049 2277 statum
1113 2212 1538 2297 restitutam,
1601 2212 1730 2278 nisi
1773 2213 1839 2278 et
1894 2211 2320 2298 restitutionis
2380 2212 2622 2297 episco-

273 2317 434 2401 palis
502 2319 1043 2385 confirmationem
1103 2319 1182 2385 ab
1250 2319 1658 2404 imperatoria
1722 2319 2051 2386 maiestate
2113 2322 2618 2404 consequeretur.

273 2424 452 2490 Hanc
495 2425 697 2508 igitur
740 2444 779 2490 a
822 2424 1043 2509 Carolo
1093 2424 1227 2491 eius
1273 2426 1547 2492 nominis
1593 2425 1828 2508 Quinto
1872 2426 2189 2492 Bruxellis
2234 2445 2398 2492 anno
2453 2426 2621 2492 1553

275 2529 374 2596 die
434 2532 538 2597 26.
586 2530 761 2597 Iunii
830 2531 1105 2598 feliciter
1169 2533 1487 2618 impetrat.
1579 2533 1766 2600 Faxit
1827 2534 2028 2617 Deus,
2097 2534 2175 2599 ut
2216 2553 2291 2600 ea
2347 2532 2621 2600 feliciter
2645 2552 2713 2594 se.
2741 2548 2878 2593 suns.

277 2638 492 2703 utatur
509 2638 561 2703 ¹!

485 2830 533 2900 ⁸)
569 2831 679 2887 Me.
692 2848 710 2884 .·
743 2831 1077 2887 restitutum.

487 3079 530 3147 ¹)
566 3078 703 3135 Eine
739 3078 1379 3152 Bestatigungsurkunde
1413 3079 1595 3136 Karl's
1628 3080 1697 3138 V.
1733 3078 1908 3136 findet
1941 3078 2058 3136 sich
2091 3079 2150 3135 in
2185 3080 2434 3136 Miinster
2467 3078 2624 3135 nicht

280 3165 431 3221 mehr
464 3184 575 3237 vor,
623 3166 766 3223 wohl
802 3168 933 3224 aber
967 3170 1045 3224 im
1081 3168 1332 3226 Stadt—A.
1369 3168 1468 3226 (133
1503 3168 1755 3240 original
1792 3171 1941 3226 einer
1973 3167 2249 3239 Urhnde,
2297 3169 2356 3223 in
2391 3168 2623 3224 welcher

280 3255 470 3310 Kaisar
503 3255 810 3311 Ferdinand
847 3255 897 3312 Ι.
933 3273 1022 3311 3111
1060 3257 1145 3312 17.
1182 3257 1418 3313 October
1453 3257 1590 3312 1561
1648 3257 1737 3313 (113
1772 3256 2110 3313 311311ὺί3011311
2145 3256 2475 3328 Privilegien
2510 3255 2623 3312 und

282 3343 590 3399 Freiheitcn
644 3343 767 3400 aufs
801 3344 960 3400 Neue
1011 3344 1331 3416 beltraftigt.
1367 3374 1436 3385 —
1479 3345 1586 3401 Die
1619 3345 1997 3401 Mfinstersche
2029 3344 2506 3401 Bischofschronik
2540 3362 2622 3400 er-

278 3431 460 3487 wahnt
494 3432 583 3488 die
618 3432 1025 3488 Restitutionen
1077 3433 1182 3488 mit
1215 3433 1430 3489 keinem
1466 3434 1670 3490 Worte.
1740 3434 1810 3490 In
1846 3436 2051 3491 seinem
2086 3433 2382 3506 Catalogus
2419 3435 2623 3504 episco-

279 3537 466 3592 porum
488 3522 723 3577 Monast.
761 3525 888 3594 sagt
909 3522 1092 3578 Keras.
1126 3538 1233 3578 nur
1265 3523 1396 3578 lmrz
1433 3540 1557 3579 zum
1579 3522 1748 3579 Jahre
1776 3523 1941 3579 1553:
1982 3523 2159 3591 „Dum
2194 3524 2304 3579 sic⁴⁶
2346 3524 2424 3592 (in
2450 3521 2624 3594 Folge

279 3609 370 3665 der
404 3609 1013 3683 Braunschweigischen
1047 3609 1286 3680 Handel)
1328 3611 1682 3680 „Franciscus
1717 3612 2038 3668 Monasterii
2071 3612 2130 3667 in
2168 3611 2328 3667 exilio
2364 3610 2622 3682 quodam·

278 3697 430 3753 modo
466 3698 614 3753 inter
648 3699 790 3754 cives
826 3701 1017 3770 ageret
1051 3715 1343 3771 eorumque
1377 3699 1810 3755 benevolentiam
1847 3716 1978 3771 erga
2009 3717 2067 3756 33
2091 3700 2440 3771 experiretur,
2478 3699 2623 3754 cives

280 3786 377 3840 hac
413 3787 695 3842 occasione
732 3787 912 3842 omnia
948 3803 1049 3842 3113
1083 3788 1313 3859 antiqua
1345 3788 1635 3860 privilegia
1676 3790 1807 3844 ante
1841 3789 2277 3860 anabaptismum
2311 3787 2510 3843 habita
2538 3787 2622 3842 fa-

280 3874 380 3929 cile
415 3875 785 3946 recuperant.“
840 3875 910 3930 D.
946 3875 1126 3932 Lilie
1163 3875 1218 3932 S.
1244 3877 1350 3932 308
1386 3876 1626 3948 gedenkt
1649 3877 1747 3933 der
1768 3876 2079 3933 Thatsache
2114 3877 2218 3932 mit
2241 3875 2346 3932 den
2371 3875 2620 3931 Worten:

288 3962 669 4030 „Darboneven
702 3963 917 4020 hebben
950 3965 1069 4020 sine
1104 3964 1145 4021 f.
1172 3982 1227 4036 3.
1262 3983 1336 4020 113
1373 3965 1478 4021 (1311
1511 3965 1708 4021 Pinxst
1739 3965 1972 4037 1111113311
2007 3966 2185 4037 (133311
2221 4005 2237 4021 .
2258 4005 2273 4019 .
2294 4006 2307 4019 .
2348 3964 2489 4019 1553
2525 3964 2623 4020 (131·

286 4051 430 4106 stadt
462 4052 713 4108 Munster
745 4052 1199 4124 weddergegcven
1236 4052 1341 4109 den
1375 4053 1497 4110 koir
1530 4053 2015 4125 borgermeisteren
2048 4053 2192 4109 unde
2225 4053 2395 4123 mide,
2432 4052 2501 4108 de
2534 4055 2620 4107 to-

285 4156 409 4195 vorn
446 4139 613 4195 dorch
667 4140 1033 4198 stadtholders
1086 4142 1230 4197 unde
1266 4146 1519 4214 gesatten
1553 4142 1703 4198 raidt
1745 4142 1921 4198 wordt
1965 4145 2204 4214 regeret,
2259 4141 2361 4198 ock
2395 4140 2492 4197 der
2527 4157 2620 4212 33-

284 4228 541 4285 meinheit
575 4230 644 4285 (13
679 4230 907 4302 frigheit
942 4230 1039 4287 der
1072 4233 1300 4303 ampter,
1335 4248 1423 4288 wu
1458 4248 1518 4288 se
1538 4229 1742 4288 vorhen
1775 4247 1873 4287 vor
1894 4230 1991 4287 der
2024 4231 2374 4303 bolcgeringe
2407 4228 2621 4285 hedden

283 4316 528 4386 gehadt.“

2398 4403 2535 4473 36*
