3259 5075
632 226 765 295 946
1489 227 1676 296 Anno
1728 224 1898 296 1553
1944 232 2103 296 acta.

628 404 864 490 quique
907 403 1075 471 cives
1144 402 1455 488 superiori
1512 403 1627 472 illa
1669 404 1886 489 legum
1950 406 2357 489 politicarum
2414 407 2926 474 constitutione
2977 406 3054 472 in

628 510 1033 595 dispendium
1077 510 1436 595 quotidiani
1479 509 1770 577 alimenti
1816 511 1918 576 sui
1949 514 2014 577 et
2056 511 2364 595 pristinae
2407 513 2741 580 libertatis
2795 513 3050 579 civili-

628 636 864 701 umque
907 616 1390 702 privilegiorum
1434 617 1679 683 cladem
1723 619 2021 702 vergente
2080 618 2431 701 plurimum
2492 618 3049 702 degravarentm·

628 724 957 808 variasque
1017 722 1462 808 querimonias,
1486 742 1558 789 eo
1602 724 1855 789 nomine
1900 723 1975 789 ad
2024 742 2139 791 nos
2185 724 2524 807 deferrent,
2587 724 2893 808 proinde
2951 725 3042 790 ad

629 829 1117 896 conservandam
1177 846 1398 913 pacem
1444 830 1511 895 et
1555 829 1953 895 concordiam
1997 832 2063 896 et
2105 830 2432 896 vitandam
2476 830 2912 896 simultatem
2967 834 3040 897 et

628 935 1055 1019 perniciosum
1097 937 1361 1020 motum,
1425 935 1538 1020 qui
1581 935 1751 1001 inter
1795 937 2086 1001 senatum
2131 937 2196 1002 et
2239 935 2537 1019 opificum
2580 937 2808 1001 curias
2860 936 3032 1001 uni-

627 1059 996 1127 versamque
1062 1042 1301 1108 civium
1367 1041 1887 1107 communitatem
1957 1041 2314 1125 praedictae
2381 1041 2661 1106 civitatis
2736 1044 3027 1107 nostrae

344 1165 374 1197 ·
388 1182 443 1238 p.
481 1165 603 1223 670.
629 1147 1143 1214 Monasteriensis
1206 1167 1520 1233 emergere
1564 1145 1671 1214 *et
1711 1145 1922 1214 enasci
1985 1150 2202 1232 queat,
2265 1148 2379 1214 has
2439 1148 2898 1213 contentiones
2953 1152 3026 1214 et

628 1253 912 1339 querelas
956 1252 1161 1320 nobili
1206 1274 1280 1320 ac
1322 1273 1620 1340 generoso
1665 1253 1889 1320 Ioanni
1935 1254 2156 1320 comiti
2200 1275 2239 1320 a
2275 1253 2601 1337 Waldegk,
2673 1254 3020 1338 sanguine

626 1361 809 1427 nobis
854 1359 1093 1445 iuncto,
1139 1360 1513 1426 Wendelino
1558 1358 1902 1427 Colbecher
1921 1363 1940 1399 ¹
1988 1379 2063 1425 ac
2107 1361 2330 1426 Ioanni
2374 1360 2734 1442 Mensinck,
2805 1360 3016 1425 nobis

626 1485 666 1532 a
694 1465 999 1551 consiliis,
1049 1466 1389 1533 clementer
1416 1466 1721 1550 utrinque
1764 1466 2201 1550 exaudiendas,
2250 1465 2680 1532 discutiendas
2708 1468 2782 1531 et
2815 1485 3012 1532 com—

626 1572 944 1656 ponendas
1013 1572 1465 1639 commisimus.
1557 1573 1796 1639 Verum
1862 1592 2010 1639 cum
2055 1592 2127 1639 eo
2171 1575 2484 1639 conventu
2549 1591 2670 1657 pax
2713 1592 2849 1637 non
2898 1573 3009 1638 ita

628 1677 948 1744 commode
993 1678 1320 1745 conciliari
1384 1679 1597 1762 posset
1643 1680 1710 1745 et
1752 1679 2137 1745 controversi
2182 1680 2442 1764 quidam
2506 1677 2768 1744 articuli
2816 1678 3007 1743 deci-

629 1783 792 1850 sioni
823 1784 890 1850 et
917 1784 1165 1851 decreto
1211 1786 1425 1851 nostro
1457 1785 1853 1870 offerrentur,
1899 1785 2238 1869 principali
2277 1785 2486 1851 animo
2531 1785 2695 1849 hanc
2725 1803 3004 1850 causam

627 1890 969 1975 diligenter
1033 1891 1472 1976 expendimus,
1528 1892 1595 1957 et
1640 1911 1788 1958 cum
1832 1890 2172 1975 privilegia
2222 1890 2485 1975 politica
2526 1890 3002 1974 libertatesque

628 1995 845 2063 civiles
892 2016 932 2062 a
972 1997 1156 2063 nobis
1202 1996 1464 2063 donatas
1509 2016 1657 2063 cum
1702 1997 1995 2063 omnibus
2055 1997 2189 2063 suis
2234 1996 2731 2063 circumstantiis
2794 2016 2997 2062 accu-

629 2102 830 2168 ratius
873 2105 1084 2169 mente
1129 2105 1706 2187 pertractassemu8‚
1770 2123 1874 2170 eas
1919 2103 1986 2168 in
2034 2103 2198 2169 hanc
2240 2103 2510 2169 formam
2554 2109 2620 2169 et
2660 2102 2779 2167 hos
2829 2104 2998 2168 arti-

628 2208 824 2293 culos,
890 2228 1207 2275 caesareae
1251 2210 1465 2275 tamen
1507 2209 1861 2276 maiestatis
1907 2210 2354 2294 approbatione
2398 2210 2463 2275 et
2506 2209 2996 2275 confirmatione

628 2334 874 2399 semper
938 2316 1138 2400 salva,
1207 2316 1763 2400 commutavimuS,
1835 2316 2215 2382 correximus
2262 2318 2328 2381 et
2386 2313 2850 2398 disposuimus,
2913 2319 2997 2381 ut

628 2421 819 2487 etiam
863 2421 932 2487 in
977 2422 1478 2507 praesentiarum
1523 2424 1589 2489 et
1634 2423 1872 2490 virtute
1918 2424 2145 2489 harum
2209 2423 2540 2489 literarum
2586 2422 2994 2506 signatarum

626 2532 1117 2613 commutamus,
1185 2528 1562 2614 corrigimus
1627 2530 1693 2596 et
1753 2529 2176 2615 disponimus,
2244 2529 2498 2613 publice
2563 2527 2863 2595 iubentes
2923 2530 2992 2595 et

628 2634 943 2701 volentest

838 2740 1145 2825 Primum,
1194 2742 1272 2807 ut
1300 2744 1553 2809 senatus
1599 2740 1823 2809 electio
1854 2760 1926 2809 eo
1955 2742 2141 2809 modo
2171 2742 2305 2826 fiat,
2355 2760 2477 2826 quo
2508 2742 2655 2806 ante
2683 2742 2986 2808 centenos

629 2844 874 2930 aliquot
916 2865 1111 2914 annos
1158 2849 1222 2913 et
1266 2866 1461 2930 supra
1502 2847 1838 2914 hominum
1881 2848 2250 2914 memoriam
2293 2848 2364 2913 in
2392 2866 2516 2913 usu
2546 2845 2760 2928 fuerit,
2812 2847 2985 2912 sicut

629 2953 884 3018 senatus
916 2953 983 3018 et
1008 2952 1331 3019 curiarum
1358 2953 1682 3039 totiusque
1711 2954 1920 3020 civilis
1951 2954 2422 3021 communitatis
2458 2952 2761 3038 praefecti
2791 2972 2985 3036 super

627 3058 730 3124 his
775 3058 971 3124 latius
1018 3060 1153 3125 sine
1199 3060 1416 3125 nostra
1483 3078 1991 3126 successorumve
2035 3079 2197 3126 nova
2239 3060 2711 3126 confirmatione
2756 3060 2823 3125 et
2869 3079 2980 3142 ap-

628 3164 998 3248 probatione
1042 3164 1373 3231 convenire
1419 3166 1484 3231 et
1525 3167 1752 3233 mutuo
1794 3165 2034 3251 pacisci
2074 3166 2330 3233 habent.

843 3269 1147 3355 Secundo,
1193 3271 1272 3337 ut
1315 3272 1569 3337 senatus
1638 3270 2132 3338 anniversariam
2200 3291 2380 3339 suam
2437 3270 2746 3337 rationem
2804 3290 2975 3337 more

628 3372 944 3441 maiorum
996 3375 1064 3442 et
1121 3376 1292 3443 sicut
1356 3376 1714 3462 antiquitus
1773 3379 1920 3444 ante
1987 3378 2213 3444 urbem
2271 3378 2552 3444 clausam
2614 3377 2974 3443 factitatum

631 3482 748 3566 est,
794 3480 1037 3548 reddat.

840 3586 1073 3671 Tertio,
1122 3586 1330 3654 curias
1377 3588 1696 3676 opificum,
1742 3608 1898 3674 quas
1941 3589 2166 3676 gyldas
2209 3591 2544 3674 vocabant,
2592 3591 2656 3656 et
2701 3590 2970 3675 reliquos

632 3691 797 3757 cives
818 3693 844 3732 ²
883 3692 955 3758 in
1001 3712 1215 3760 omnes
1260 3695 1552 3780 antiquas
1598 3698 1665 3763 et
1705 3696 2056 3763 laudabiles
2117 3696 2578 3778 immunitates,
2648 3696 2966 3762 libertates

630 3799 698 3864 et
737 3798 880 3865 iura
921 3799 1321 3868 restituimus
1368 3804 1434 3869 et
1476 3802 1883 3888 imperatoria
1935 3802 2382 3888 approbatione
2430 3801 2604 3868 salva
2646 3801 2967 3868 restitutos

844 4063 889 4133 ι)
925 4063 1024 4120 Bei
1060 4063 1116 4119 J.
1139 4064 1423 4121 Niesert
1456 4082 1507 4121 a.
1527 4082 1577 4122 a.
1597 4065 1662 4122 Ο.
1700 4066 1755 4122 S.
1777 4066 1884 4121 351
1922 4066 1999 4122 ist
2031 4066 2320 4122 sslschlich
2357 4065 2654 4122 Wendelen
2676 4065 2967 4123 Talbecber

630 4150 913 4223 gedruckt.
951 4182 1019 4193 —-—
1075 4151 1121 4221 ¹)
1162 4192 1209 4221 „.
1230 4192 1245 4209 .
1266 4194 1280 4209 .
1316 4154 1429 4209 und
1464 4157 1624 4209 zunst
1660 4155 1801 4210 auch
1836 4155 2036 4210 andere
2088 4155 2429 4226 ingesettene
2463 4156 2696 4226 burgere
2732 4155 2842 4209 und
2875 4173 2963 4226 ge-

628 4240 894 4297 meinheit
927 4282 943 4296 .
965 4280 979 4296 .
998 4243 1046 4297 .“

318 5031 559 5050 mnf-nu*-
578 5033 587 5040 ··
620 5031 641 5040 a·
660 5031 803 5044 --—--—
820 5031 999 5050 -οι-ι-κι-ι-
