3259 5075
1206 292 1389 359 Anno
1445 295 1613 358 1534
1659 294 1818 359 acta.
2552 293 2687 359 585

552 469 654 533 23.
716 469 1074 534 Eberardus
1118 469 1340 534 Follen
1400 488 1472 533 ac
1537 469 1801 535 Ioannes
1857 469 2255 554 Krechtingk
2321 469 2685 535 veterinarii

327 576 524 638 erunt
568 576 633 638 et
677 593 980 658 equorum
1024 575 1303 659 publicis
1334 575 1557 640 usibus
1604 575 2064 641 destinatorum
2095 595 2311 642 curam
2350 577 2557 659 agent,
2605 595 2685 641 ne

329 679 470 745 sine
515 681 837 746 commodo
882 682 1117 764 pabula
1159 683 1575 746 absumantur
1594 684 1636 747 ¹.
1928 751 1931 758 ,

550 788 654 852 24.
702 786 990 852 Publicis
1032 785 1501 853 munitionibus
1545 787 1741 852 huius
1784 789 2037 853 sanctae
2081 787 2261 853 urbis
2305 787 2683 852 confirman-

327 891 431 957 dis
478 894 590 956 aut
630 892 707 957 de
738 893 983 976 integro
1029 894 1344 978 erigendis
1388 894 1708 960 Gerardus
1738 893 2233 975 Kibbenbroich,
2281 893 2682 959 Christianus

327 997 731 1080 Wordeman,
801 999 1065 1064 Ioannes
1112 1000 1564 1065 Daventriacus
1625 1020 1697 1065 ac
1756 1000 2020 1064 Ioannes
2064 999 2349 1065 Uldanus
2370 1001 2395 1039 ²
2438 999 2684 1064 dabunt

327 1123 604 1186 operam.
697 1105 880 1169 Nihil
925 1108 1135 1170 tamen
1180 1106 1533 1171 senioribus
1579 1126 1704 1172 non
1752 1107 2058 1172 consultis
2106 1107 2411 1170 extruent.

548 1212 650 1276 25.
699 1212 964 1276 Ioannes
1012 1212 1408 1296 Krechtingk
1475 1233 1773 1297 raparum
1819 1212 2077 1293 semina,
2141 1230 2547 1296 quaecunque
2611 1211 2680 1276 in

325 1318 489 1381 urbe
536 1317 1038 1401 deprehenderit,
1109 1319 1181 1383 ad
1233 1319 1467 1385 molam
1513 1320 1811 1385 oleariam
1868 1316 2335 1401 Meynershagii
2381 1317 2684 1383 convehet

326 1424 661 1508 oleumque
693 1424 841 1490 inde
873 1444 1230 1508 expressum
1263 1425 1331 1489 in
1364 1445 1515 1490 usus
1545 1425 1927 1491 necessarios
1958 1424 2236 1489 fideliter
2265 1422 2678 1488 conservabit.

548 1531 693 1595 26.⁸
735 1531 1141 1596 Aromatibus
1183 1533 1247 1596 et
1290 1531 1598 1614 placentis
1646 1530 1715 1595 in
1748 1549 1942 1595 unam
1974 1530 2229 1595 domum
2275 1528 2680 1613 comportatis

322 1635 688 1700 Bernardus
735 1635 1082 1702 Menneken
1150 1636 1425 1720 praeerit
1484 1636 1691 1720 iisqne
1748 1636 1917 1700 recte
1978 1633 2434 1700 distribuendis
2502 1633 2681 1698 dabit

326 1760 598 1824 operam.

545 1849 647 1911 27.
684 1846 941 1927 Quoties
974 1847 1274 1913 cerevisia
1303 1850 1369 1912 et
1399 1847 1579 1930 panis
1606 1847 1989 1912 necessarius
2020 1846 2233 1928 fuerit,
2262 1846 2534 1910 seniores
2568 1865 2681 1928 per
2799 1914 2808 1923 ,

323 1952 448 2017 Dei
477 1953 752 2037 gratiam
781 1954 1026 2019 dabunt
1058 1973 1327 2037 operam,
1362 1974 1439 2018 ne
1463 1952 1618 2036 quid
1649 1952 2009 2035 respublica
2037 1952 2417 2017 incommodi
2449 1951 2678 2034 capiat.

547 2062 650 2125 28.
700 2059 958 2139 Quoties
1007 2060 1087 2125 ad
1131 2060 1588 2143 reparationem
1658 2078 1959 2142 aggerum
2024 2061 2194 2123 terra
2238 2078 2395 2142 opus
2464 2058 2675 2141 fuerit,

322 2164 754 2231 Theodoricus
801 2166 1182 2231 Schloschen
1242 2166 1311 2230 in
1358 2166 1493 2230 eins
1554 2163 1645 2229 rei
1694 2183 1883 2228 usum
1942 2165 2121 2249 bigas
2181 2166 2293 2229 aut
2337 2164 2678 2248 quadrigas

325 2272 697 2354 procurabit
742 2274 806 2337 et
853 2291 1148 2355 cuprum,
1220 2270 1584 2354 plumbum,
1663 2273 1959 2335 stannum
2006 2289 2043 2333 a
2086 2270 2348 2336 deiectis
2392 2271 2677 2335 turribus

323 2380 582 2459 raptum
627 2378 694 2443 in
743 2378 1025 2461 singulos
1072 2381 1136 2442 et
1181 2377 1515 2442 distinctos
1563 2396 1813 2442 acervos
1859 2377 2200 2442 convehere
2246 2377 2512 2442 iubebit.

542 2487 649 2550 29.
699 2485 764 2550 Si
813 2483 1182 2568 peregrinus
1231 2487 1296 2549 et
1325 2503 1364 2548 a
1392 2485 1608 2549 nostra
1654 2482 1958 2567 religione
2005 2483 2266 2565 alienuS‚
2318 2483 2451 2549 sive
2483 2484 2681 2549 frater

324 2589 460 2654 sive
507 2590 786 2656 eiusdem
830 2590 1071 2673 patriae
1118 2590 1393 2654 concivis
1440 2590 1572 2654 sive
1617 2588 1952 2654 familiaris
1999 2589 2209 2670 fuerit,
2260 2590 2371 2673 qui
2419 2609 2551 2655 sese
2598 2589 2679 2654 ad

325 2695 490 2760 hanc
521 2697 847 2762 civitatem
893 2697 1176 2761 nostram
1221 2697 1503 2760 sanctam
1548 2694 1906 2777 contulerit,
1957 2695 2067 2760 ille
2107 2695 2677 2779 Knipperdollingo

323 2802 610 2885 ensigero
658 2803 738 2867 ad
785 2801 1269 2867 examinandum
1307 2802 1758 2882 committetur,
1807 2804 1883 2866 ut
1929 2802 2038 2866 ille
2069 2820 2216 2866 cum
2261 2819 2331 2865 eo
2365 2800 2679 2884 colloquia

322 2907 619 2990 misceat3
673 2908 840 2991 quod
888 2908 1056 2972 nulli
1102 2907 1213 2972 alii
1260 2910 1699 2991 praeterquam
1745 2908 2095 2972 senioribus
2143 2906 2583 2971 committitur.

543 3018 649 3079 30.
696 3014 1066 3097 Baptizatus
1100 3016 1482 3081 christianus
1515 3035 1662 3082 cum
1701 3016 1941 3081 advena
1969 3017 2034 3080 et
2062 3015 2391 3098 peregrino
2423 3015 2675 3080 ethnico

323 3119 578 3183 nullum
623 3119 1011 3203 colloquium
1042 3123 1154 3187 aut
1200 3140 1549 3186 sermonem
1592 3120 1856 3186 habebit
1882 3139 2086 3204 neque
2118 3121 2334 3185 cibum
2378 3140 2523 3185 cum
2562 3121 2676 3186 illo

323 3228 550 3308 sumet,
599 3246 680 3290 ne
723 3226 862 3290 ulla
906 3226 1273 3292 collusionis
1320 3227 1591 3309 suspicio
1641 3226 2018 3291 suboriatur.

542 3335 645 3398 31.
692 3331 892 3398 Nemo
940 3350 1312 3416 quacunque
1359 3333 1551 3397 etiam
1596 3333 1730 3397 arte
1779 3331 2242 3397 inobedientiae
2286 3351 2487 3416 poena
2530 3352 2677 3415 pro-

319 3438 531 3522 posita
575 3437 946 3521 piscabitur.

540 3548 645 3609 32.
693 3544 892 3609 Nemo
924 3545 1087 3610 citra
1115 3564 1488 3611 consensum
1517 3547 1580 3610 et
1610 3544 1948 3611 arbitrium
1979 3545 2296 3610 seniorum
2329 3545 2446 3610 snb
2479 3563 2678 3628 poena

320 3650 552 3733 capitis
599 3650 785 3733 signa
826 3651 1097 3716 militiae
1142 3651 1421 3716 mutabit
1465 3670 1665 3735 neque
1712 3670 1778 3716 se
1809 3670 1924 3735 pro
1970 3652 2232 3716 arbitrio
2279 3670 2391 3716 suo
2433 3651 2511 3716 de
2541 3669 2677 3715 ma-
2730 3668 2735 3673 ’

321 3756 545 3839 nipnlo
589 3774 718 3822 uno
763 3756 833 3822 in
879 3757 1078 3822 alium
1125 3756 1328 3823 dedet.

542 3933 583 4001 ι)
620 3934 726 3988 Die
770 3933 1095 4004 „Ordnung“
1137 3936 1264 4003 sagt
1299 3933 1517 3987 nnklar:
1576 3932 1720 4000 „Der
1754 3932 1912 4002 pferd
1967 3932 2114 4002 grofs
2151 3931 2262 3985 und
2298 3931 2447 3985 klein
2501 3929 2676 3985 sollen

319 4019 518 4075 Olbert
539 4020 728 4076 Fellen
767 4021 880 4076 und
901 4022 938 4077 J
940 4022 1119 4077 ohann
1143 4020 1448 4092 Krechting
1483 4020 1762 4075 anffsehen
1786 4020 1964 4076 haben
1987 4022 2047 4076 in
2072 4020 2168 4075 der
2188 4019 2675 4090 Meimerschlagen

319 4108 669 4164 feldmiilen.“
745 4109 871 4181 Vgl.
911 4110 1051 4164 dazu
1087 4109 1268 4180 gleich
1304 4113 1476 4164 unten
1510 4108 1724 4163 Artikel
1759 4109 1846 4163 25.

539 4196 583 4266 ⁹)
619 4198 799 4253 Ueber
835 4198 922 4252 die
957 4197 1400 4253 Uldansschanze
1449 4195 1560 4267 vgl.
1598 4197 1739 4251 oben
1775 4196 1829 4252 S.
1866 4196 1991 4251 554.
2063 4196 2167 4250 Die
2206 4195 2534 4266 „Ordmmg“
2574 4193 2679 4251 hat

318 4288 464 4340 statt
498 4285 533 4340 J
537 4287 719 4341 ohann
752 4286 934 4341 Uldan
955 4286 1076 4340 -den
1110 4286 1166 4341 N
1168 4303 1326 4341 amen
1363 4286 1400 4341 J
1401 4285 1582 4341 ohann
1617 4284 2043 4339 Kiirchenrinck.

539 4373 584 4444 ⁸)
619 4375 813 4429 Dieser
846 4374 958 4430 und
994 4374 1280 4430 samtlicbe
1316 4373 1610 4444 folgenden
1630 4372 1845 4429 Artikel
1879 4372 2067 4428 fehlen
2102 4374 2160 4427 in
2187 4373 2284 4428 der
2322 4371 2677 4444 „Ordnung“.
