3259 5075
596 289 729 355 478
1460 287 1647 354 Anno
1699 288 1872 354 1534
1916 289 2076 354 acta.

346 485 427 528 22.
454 481 568 528 san.
597 464 831 532 nostris
902 465 1243 530 clementer
1311 463 1559 530 avertit.
1653 464 1745 530 Hi
1790 464 1882 530 sic
1950 464 2181 530 armati
2238 464 2307 528 in
2354 464 2524 529 diem
2593 466 2959 548 sequentem

600 571 831 637 clausis
900 569 1161 636 interim
1227 570 1426 653 portis
1463 570 1770 636 ‘civitatis
1838 571 2212 636 consistunt.
2306 571 2479 636 Dum
2523 572 2737 636 autem
2803 571 2959 636 haec

600 678 896 761 aguntur,
945 676 1069 742 duo
1114 676 1242 741 viri
1285 677 1615 761 peregrino
1664 678 1729 742 et
1773 677 2078 743 inusitato
2146 676 2374 742 habitu
2420 677 2639 742 amicti
2704 677 2954 760 adsunt,

600 784 711 867 qui
756 783 924 849 circa
954 782 1122 847 diem
1158 784 1259 848 13.
1295 783 1578 848 Ianuarii
1606 783 2065 849 Monasterium
2107 784 2411 850 venerant
2455 785 2521 848 et
2550 782 2718 866 apud
2749 783 2958 866 Knip-

598 889 1067 973 perdollingum
1112 889 1597 955 diversabantur
1643 909 1716 955 ac
1760 889 1981 955 Enoch
2011 891 2075 955 et
2113 890 2331 955 Helias
2378 889 2568 972 vulgo
2615 908 2749 954 esse
2795 889 2957 954 exis·

598 995 996 1060 timabantur
1012 997 1056 1078 ¹,
1107 1014 1377 1079 quorum
1423 996 1599 1078 alter,
1649 996 1912 1061 Ioannes
1943 995 2291 1061 Bockelson
2336 995 2691 1079 LeydanuS,
2740 997 2959 1078 postea

599 1102 849 1184 sceptra
891 1101 1071 1167 urbis
1118 1101 1372 1184 invasit,
1446 1101 1605 1166 alter
1650 1120 1817 1184 vero,
1865 1102 2130 1167 Ioannes
2175 1100 2587 1184 Matthisson‚
2653 1101 2723 1166 in
2769 1100 2956 1166 initio

599 1207 947 1273 obsidionis
1010 1207 1179 1273 circa
1238 1208 1471 1272 festum
1515 1207 1794 1273 Paschae
1840 1209 1984 1273 ante
2053 1210 2304 1290 portam
2361 1207 2829 1291 Ludgerianam
2875 1207 2955 1271 ab

598 1313 890 1378 hostibus
938 1314 1182 1379 occisus
1243 1313 1397 1395 fuit,
1465 1312 1649 1378 cuius
1697 1312 1985 1378 relictam
2030 1331 2286 1378 uxorem
2329 1313 2661 1395 Leydanus
2710 1312 2892 1377 duxit
2912 1312 2952 1377 ⁹.

599 1419 690 1483 Hi
721 1419 1106 1502 singularem
1137 1419 1539 1485 sanctitatem
1586 1419 1957 1484 simulantes
2003 1419 2072 1484 in
2103 1419 2364 1484 aedibus
2396 1418 2723 1502 Knipperd
2732 1417 2958 1501 ollingi

600 1544 748 1590 cum
777 1525 1196 1607 Rothmanno,
1229 1524 1456 1607 Rollio‚
1507 1525 1847 1608 Kloprisio,
1890 1524 2237 1609 Strapadio‚
2273 1524 2507 1589 Vinnio
2539 1543 2611 1589 ac
2645 1522 2956 1589 Stralenio

600 1630 678 1695 de
723 1631 913 1722 rebus
980 1631 1421 1714 praesentibus
1483 1631 1848 1696 consultant
1893 1632 2300 1714 suggerentes
2368 1630 2629 1695 interim
2671 1630 2952 1711 armatiS,

595 1737 756 1821 quid
802 1738 942 1802 fieri
987 1738 1206 1803 velint.
1277 1738 1537 1802 Etcum
1582 1737 1754 1802 inter
1801 1756 1865 1802 se
1912 1738 2321 1803 dissentirent
2366 1736 2510 1802 aliis
2557 1737 2781 1801 urbem
2825 1735 2957 1801 fece

600 1843 944 1926 impiorum
988 1842 1380 1928 purgandam
1428 1862 1561 1907 esse
1592 1843 1972 1927 volentibus,
2022 1844 2167 1909 aliis
2201 1863 2345 1909 vero
2391 1843 2560 1908 diem
2606 1841 2956 1908 dominicae

600 1950 865 2016 ultionis
910 1950 1193 2016 nondum
1237 1948 1453 2014 adesse
1499 1948 1945 2030 asserentibus,
2007 1948 2268 2032 proinde
2315 1948 2658 2032 impiorum
2704 1946 2957 2012 caedem

599 2055 1056 2140 prorogandam
1104 2076 1237 2122 esse
1280 2056 1346 2120 et
1388 2054 1458 2119 in
1504 2055 1674 2120 diem
1718 2055 1978 2120 Domini
2023 2055 2451 2120 differendam.
2524 2055 2763 2120 Verum
2810 2071 2956 2117 cum

602 2160 728 2225 sibi
772 2163 942 2227 certo
1008 2161 1459 2245 persuaderent
1525 2160 1683 2226 duos
1750 2160 1906 2226 istos
1974 2162 2311 2245 prophetas
2382 2180 2515 2226 esse
2560 2161 2626 2225 et
2687 2159 2955 2225 coelitus

592 2268 864 2333 emissos
911 2269 1265 2353 quibusque
1310 2267 1688 2332 inconsultis
1735 2267 1902 2333 nihil
1947 2267 2074 2332 sibi
2120 2267 2433 2352 agendum
2475 2267 2581 2349 sit,
2632 2266 2956 2331 decretum

602 2372 862 2438 illorum
910 2375 1255 2457 expectant.
1318 2374 1408 2439 Hi
1452 2393 1598 2439 vero
1645 2376 1789 2458 post
1832 2375 2038 2439 multa
2083 2374 2359 2457 suspiria
2404 2375 2469 2439 et
2510 2372 2954 2438 meditationes

601 2480 884 2546 nondum
928 2482 1179 2564 tempus
1226 2499 1360 2546 esse
1417 2480 1737 2565 purgandi
1781 2499 1991 2547 aream
2036 2481 2450 2565 respondent3
2514 2481 2729 2564 plures
2777 2477 2955 2563 prius

599 2586 871 2651 Domino
916 2587 1399 2653 lucrifaciendos
1455 2589 1520 2653 et
1563 2588 1694 2654 iam
1736 2589 2121 2655 lucrificatos
2168 2588 2422 2654 coelesti
2475 2587 2779 2669 doctrina,
2828 2605 2957 2650 non

595 2692 860 2777 quidem
888 2694 957 2759 in
1001 2695 1345 2778 impiorum
1389 2696 1646 2779 templis
1678 2696 2036 2762 idololatria
2079 2695 2481 2778 foetentibuS,
2532 2694 2639 2761 sed
2684 2692 2955 2777 privatis

821 2941 865 3009 ¹)
901 2939 1026 3010 vgl.
1052 2940 1190 2996 dazu
1216 2941 1313 2997 das
1337 2943 1672 2998 Bekenntnis
1711 2943 1931 2998 Jakob’s
1955 2961 2062 2998 von
2087 2942 2402 2998 Osnabriick
2438 2942 2528 2997 bei
2564 2940 2618 2997 J.
2642 2941 2698 2995 N
2707 2942 2810 2995 ies
2826 2942 2952 2995 ert:

600 3028 753 3084 U.-S.
790 3028 838 3084 Ι.
876 3029 931 3084 S.
971 3029 1091 3085 156.

820 3116 863 3187 ⁹)
900 3118 1021 3173 Den
1059 3119 1143 3173 13.
1168 3118 1292 3176 Jan.
1331 3121 1414 3175 als
1450 3121 1573 3191 Tag
1608 3121 1706 3177 der
1728 3121 1976 3176 Ankunft
2011 3120 2274 3176 Johann’s
2298 3138 2348 3177 v.
2372 3121 2578 3175 Leiden
2614 3120 2673 3173 in
2709 3119 2957 3173 Miinster

597 3207 895 3260 entnimmt
928 3207 1112 3264 Kerss.
1135 3208 1343 3280 richtig
1376 3209 1482 3264 den
1513 3206 1947 3265 Bekenntnissen
1970 3208 2006 3262 J
2008 3209 2234 3263 ohann’s
2272 3208 2349 3277 (J.
2374 3209 2430 3263 N
2440 3211 2679 3263 iesert:
2720 3206 2870 3263 U.-S.
2905 3205 2954 3260 L

595 3293 660 3348 S.
688 3294 789 3348 176
824 3295 937 3349 und
971 3297 1049 3350 M.
1076 3296 1233 3363 G.-Q.
1270 3296 1349 3366 ΙΙ,
1374 3298 1525 3368 371).
1575 3298 1733 3353 Doch
1767 3316 1879 3352 war
1914 3299 2029 3352 sein
2053 3298 2331 3368 Begleiter
2366 3297 2521 3352 nicht
2555 3297 2665 3352 Jan
2689 3296 2954 3364 Matthys,

594 3382 836 3437 sondern
875 3383 1011 3438 Gert
1045 3388 1160 3439 tom
1196 3384 1445 3455 Cloister,
1499 3403 1610 3441 was
1649 3387 1830 3441 Kerss.
1870 3385 2152 3441 derselben
2190 3384 2383 3452 Quelle
2435 3385 2592 3440 hatte
2629 3384 2957 3441 entnehmen

603 3470 836 3526 konnen.
867 3501 929 3510 —
958 3471 1063 3527 Jan
1099 3472 1348 3543 Matthys
1386 3474 1503 3528 tras
1535 3477 1649 3529 erst
1683 3475 1824 3529 nach
1848 3474 1971 3529 dem
2007 3475 2227 3545 grossen
2251 3472 2522 3528 Aufruhre
2557 3489 2681 3527 vom
2717 3474 2768 3527 9.
2795 3473 2955 3527 Febr.

594 3560 663 3613 in
688 3559 785 3614 der
809 3560 971 3615 Stadt
997 3562 1084 3615 ein
1124 3562 1254 3632 (vgl.
1280 3562 1781 3634 Knipperdolling’s
1817 3563 2012 3618 letztes
2039 3562 2368 3617 Gestandnis
2403 3562 2478 3617 M.
2507 3560 2662 3627 G.-Q.
2701 3560 2779 3630 Π,
2805 3560 2954 3628 410).

602 3677 674 3687 -—
714 3648 790 3701 Zu
828 3647 1043 3703 Johann
1079 3666 1129 3703 v.
1168 3649 1373 3705 Leiden
1410 3669 1453 3708 s.
1491 3651 1631 3706 oben
1668 3651 1723 3706 S.
1761 3652 1867 3705 412
1880 3650 1918 3705 f.
1955 3648 2112 3706 Anm.
2166 3680 2234 3690 —
2287 3651 2401 3704 Fur
2435 3650 2532 3705 das
2568 3649 2846 3720 Folgende
2882 3650 2958 3704 ist

604 3752 704 3790 aus
737 3736 846 3791 den
883 3738 1162 3808 sonstigen
1201 3738 1430 3804 Quellen
1485 3739 1613 3795 kein
1648 3739 1822 3809 Beleg
1856 3739 2270 3809 beizubringen‚
2320 3738 2460 3793 auch
2495 3755 2651 3793 wenn
2685 3740 2783 3793 wir
2821 3737 2958 3792 Gert

594 3826 720 3879 tom
756 3824 990 3881 Cloister
1037 3842 1108 3880 an
1145 3826 1234 3881 die
1271 3826 1444 3882 Stelle
1481 3827 1576 3883 des
1614 3826 1723 3883 1611
1758 3826 2005 3896 Matthys
2055 3832 2256 3882 setzen.
2330 3827 2413 3880 Ob
2448 3825 2562 3880 und
2597 3828 2657 3880 in
2691 3827 2792 3880 wie
2827 3827 2958 3880 weit

602 3912 915 3968 Rothmann
969 3914 1081 3968 und
1136 3914 1224 3970 die
1279 3915 1508 3986 iibrigen
1561 3915 1928 3970 Predikanten
1983 3915 2088 3970 den
2121 3915 2510 3986 Abgesandten
2564 3915 2659 3969 des
2706 3914 2955 3985 Matthys

605 4000 952 4057 Widerstand
991 4003 1514 4074 entgegenstellten‚
1568 4005 1763 4059 wissen
1799 4005 1899 4057 wir
1933 4002 2103 4058 nicht.
2176 4003 2298 4057 Nur
2332 4004 2515 4058 Kerss.
2552 4002 2653 4057 hat
2688 4003 2826 4057 oben
2862 4003 2955 4056 be-

601 4089 822 4160 richtet‚
859 4090 980 4145 dass
1004 4090 1317 4147 Rothmann
1352 4091 1495 4147 noch
1531 4109 1619 4147 am
1649 4092 1736 4147 25.
1762 4091 1797 4146 J
1800 4109 1888 4147 an.
1926 4109 1994 4146 zu
2017 4092 2099 4147 St.
2130 4091 2363 4147 Servatii
2398 4091 2666 4163 predigte,
2703 4090 2955 4162 obgleich

595 4178 694 4233 die
730 4178 968 4234 Kirchen
1004 4180 1063 4233 in
1098 4178 1205 4235 den
1242 4179 1510 4249 Artikeln,
1566 4180 1655 4235 die
1690 4180 1729 4235 J
1729 4181 1909 4235 ohann
1944 4198 1994 4235 v.
2032 4178 2236 4235 Leiden
2272 4181 2647 4251 iiberbrachte‚
2696 4180 2954 4235 verboten

594 4283 800 4324 waren.
871 4267 1060 4338 Vergl.
1097 4268 1237 4323 oben
1291 4268 1347 4325 S.
1383 4268 1490 4322 449
1525 4267 1739 4323 Artikel
1774 4270 1809 4323 3
1863 4267 1974 4323 und
2028 4266 2064 4320 J
2066 4267 2292 4324 ohann’s
2325 4268 2722 4324 Bekenntnisse
2773 4269 2863 4324 bei
2899 4268 2954 4323 J.

597 4354 899 4410 Niesert
933 4372 983 4411 a.
1009 4372 1061 4411 a.
1086 4355 1151 4413 Ο.
1188 4356 1243 4413 Β.
1272 4356 1375 4411 176
1411 4356 1524 4411 und
1557 4357 1636 4412 M.
1674 4356 1833 4423 (ἔκ-Ω.
1870 4356 1950 4428 11,
1985 4357 2111 4412 371.
