3259 5075
326 1573 423 1646 Ἴ».
460 1574 583 1631 sse.

613 323 745 388 408
1475 321 1659 386 Anno
1712 321 1881 388 1533
1926 323 2084 387 acta.

612 498 862 563 moenia
906 498 1111 583 subit)
1172 498 1365 564 densa
1409 497 1539 563 acie
1585 498 1667 563 ad
1712 518 2008 582 campum
2051 517 2249 583 usque
2297 498 2685 563 dominicum
2729 492 2996 563 munit.

613 604 832 670 Clerus
878 623 1123 689 quoque
1168 604 1364 670 totius
1397 604 1575 669 urbis
1622 605 1725 670 sui
1754 604 2034 669 muneris
2084 623 2325 669 memor
2369 604 2448 669 ad
2491 604 2797 686 templum
2842 599 3001 663 do-

612 711 921 777 minicum
965 710 1144 775 stolis
1190 710 1354 775 albis
1400 710 1671 775 amictus
1717 710 1997 775 confluit.
2028 719 2033 724 ’
2076 710 2154 774 111
2200 710 2403 793 11111110
2449 708 2626 775 urbis
2673 709 3003 791 ingressu

610 817 906 901 princeps
968 816 1156 900 longo
1210 815 1379 898 fune,
1450 835 1639 900 quem
1683 817 1829 909 ante
1872 817 2122 899 portam
2165 815 2630 899 Ludgerianam
2671 811 2995 892 eiecerat,

612 941 906 1006 magnam
936 921 1427 987 facinerosorum
1456 922 1714 986 turbam
1744 921 1980 986 ducens
2019 920 2242 985 multis
2273 920 2759 985 bombardarum
2789 915 2999 982 toni-

609 1028 774 1093 truis
819 1026 1131 1110 excipitur
1151 1029 1189 1092 ¹.
1254 1027 1338 1092 Et
1369 1046 1515 1092 cum
1545 1027 1625 1092 ad
1655 1027 1966 1109 templum
2012 1027 2089 1091 D.
2123 1026 2401 1110 Ludgeri
2447 1021 2994 1108 protopraesuliffi

611 1134 792 1199 cuius
862 1148 1183 1198 successor
1245 1132 1504 1198 futurus
1550 1134 1714 1214 erat,
1785 1132 2091 1214 venisset,
2163 1131 2460 1216 obloquia
2503 1133 2568 1195 et
2612 1127 2996 1217 calumnias

609 1238 1113 1323 evangelicorum
1170 1239 1335 1303 bona
1379 1257 1564 1322 opera
1632 1238 1981 1303 ridentium
2048 1237 2292 1303 evitans
2358 1256 2483 1303 non
2526 1237 2657 1301 iam
2698 1236 2833 1319 ipse
2882 1233 2990 1299 do

609 1364 767 1430 equo
814 1344 1139 1409 descendit
1167 1363 1368 1428 neque
1400 1363 1438 1408 a
1467 1343 1786 1409 canonicis
1835 1344 2024 1409 istius
2055 1343 2308 1427 collegii
2339 1343 2416 1408 de
2446 1361 2619 1407 more
2665 1343 2992 1425 exceptus

608 1450 1032 1534 precationem
1078 1451 1143 1514 et
1178 1468 1411 1514 munus
1455 1467 1572 1532 pro
1604 1449 1777 1514 felici
1824 1449 2106 1533 auspicio
2152 1449 2221 1513 in
2251 1448 2475 1514 urbem
2518 1446 2801 1530 pertulit,
2850 1445 2983 1511 sed

610 1576 722 1641 per
752 1575 897 1621 suos
943 1553 1280 1620 *militaris
1327 1555 1567 1619 ordinis
1613 1555 1940 1621 ministros
1987 1554 2123 1621 sine
2168 1554 2461 1638 populari
2507 1553 2780 1636 strepitu
2811 1571 2991 1617 con-

610 1661 935 1728 suetudini
980 1661 1306 1727 satisfecit.
1401 1662 1545 1744 Ipse
1592 1680 1738 1727 vero
1785 1680 1910 1726 non
1972 1661 2329 1744 interrupto
2376 1659 2697 1744 equitatus
2743 1658 2988 1723 ordine

609 1768 690 1833 ad
735 1768 945 1832 aulam
991 1786 1172 1832 suam
1217 1767 1567 1849 contendit,
1639 1787 1909 1852 cumque
1953 1768 2230 1833 venisset
2274 1767 2394 1832 sub
2441 1764 2764 1846 fornicem,
2836 1782 2987 1849 quo

607 1874 744 1939 itur
787 1873 868 1939 ad
913 1892 1206 1956 campum
1250 1873 1659 1955 dominicum,
1708 1873 2014 1958 cuiusque
2045 1874 2230 1938 firma
2260 1875 2325 1938 et
2370 1873 2629 1938 arcuata
2671 1870 2984 1954 lapidum

609 1998 940 2063 compages
1001 1979 1304 2044 sacellum
1362 1979 1664 2045 Michaeli
1706 1979 2101 2064 Archangelo
2171 1979 2534 2045 dedicatum
2578 1978 2648 2042 in
2694 1975 2980 2043 sublimi

610 2085 900 2167 sustinet,
965 2103 1038 2149 ex
1083 2102 1243 2170 equo
1309 2084 1720 2168 descendens,
1791 2104 1980 2170 quem
2046 2085 2479 2167 archisatrapa
2544 2082 2846 2148 dioecesis
2898 2080 2981 2146 111

608 2190 1059 2257 Visscherinck
1105 2210 1217 2256 suo
1263 2189 1401 2256 inre
1463 2191 1683 2257 statim
1730 2190 1959 2257 abduci
2004 2192 2293 2274 iubebat,
2364 2210 2477 2274 per
2519 2189 2753 2274 gradus
2797 2186 2979 2271 lapi-

611 2297 759 2362 deos
804 2297 884 2362 ad
931 2296 1236 2362 sacellum
1294 2297 1580 2362 ascendit
1621 2297 1841 2378 ibique
1885 2298 2063 2363 iuxta
2107 2298 2304 2363 altare
2351 2296 2720 2361 ardentibus
2764 2292 2979 2359 cereis

609 2402 925 2486 pictisque
970 2402 1294 2484 tapetibus
1340 2421 1413 2467 ac
1459 2402 1675 2467 sericis
1737 2402 2179 2486 pulvinaribus
2226 2404 2595 2468 exornatum
2641 2400 2979 2484 supplica-

610 2508 782 2574 tione
827 2507 908 2574 ad
951 2508 1157 2574 Deum
1200 2507 1369 2574 facta
1433 2527 1813 2594 munereque
1859 2528 2045 2575 aureo
2095 2510 2304 2575 oblato
2375 2508 2590 2574 aulam
2634 2526 2815 2574 suam
2861 2524 2977 2572 sa-

611 2614 769 2679 cello
815 2614 1183 2698 contiguam
1225 2614 1584 2698 ingreditur
1612 2635 1686 2681 ac
1716 2615 2007 2699 superins
2054 2615 2502 2681 indumentum
2533 2614 2724 2696 exuit,
2773 2612 2975 2698 quod,

610 2719 738 2784 nisi
781 2719 1049 2802 pecunia
1092 2719 1460 2803 redimatur,
1509 2723 1725 2803 pastor
1771 2718 1959 2787 istius
2006 2720 2223 2787 sacelli
2266 2721 2405 2786 iure
2437 2739 2550 2785 sno
2583 2718 2709 2785 sibi
2752 2717 2978 2784 vindi-

609 2843 751 2891 care
797 2825 975 2891 solet.
1065 2826 1221 2891 Inde
1265 2828 1436 2892 veste
1496 2826 1576 2891 ad
1621 2827 1785 2893 talos
1853 2827 2158 2893 defluenti
2224 2827 2457 2892 stolam
2520 2824 2855 2891 candidam
2899 2825 2980 2890 et

610 2931 938 3015 petagium
968 2951 1234 3014 sacrum,
1284 2932 1465 2998 cuius
1495 2932 1797 2999 lacinias·
1842 2952 2030 2998 aurea
2061 2933 2262 2999 fibula
2304 2933 2374 2997 in
2406 2934 2656 3015 pectore
2687 2930 2973 3014 copulat,

612 3036 1019 3120 superinduit
1063 3057 1134 3103 ac
1179 3057 1291 3121 per
1335 3037 1583 3104 eosdem
1628 3039 1863 3123 gradus
1909 3039 2253 3121 descendit,
2330 3058 2518 3123 quem
2562 3037 2806 3122 aliquot
2849 3055 2975 3101 no-

611 3142 844 3207 bilium
875 3143 1226 3209 aulicorum
1270 3144 1448 3226 paria
1492 3144 1880 3226 praecedunt
1909 3146 1974 3209 et
2002 3145 2276 3228 quatuor
2312 3142 2610 3209 sacellani
2639 3162 2673 3207 e
2702 3158 2977 3207 numero

611 3248 902 3332 primarii
931 3249 1085 3315 cleri
1130 3248 1358 3314 delecti
1389 3249 1787 3333 bombycinis
1831 3250 2047 3332 palliis
2086 3268 2278 3333 super
2308 3249 2505 3315 stolas
2539 3247 2757 3314 amicti
2805 3264 2975 3329 pone

611 3357 982 3439 sequuntur.
1075 3355 1296 3421 Clerus
1356 3356 1616 3438 interea,
1666 3355 1771 3420 cui
1815 3355 1978 3420 duae
2022 3375 2238 3421 cruces
2283 3354 2608 3420 inauratae
2664 3352 2973 3419 totidem-

612 3479 732 3544 que
777 3459 942 3526 faces
988 3460 1276 3526 ardentes
1343 3460 1803 3544 praeferuntur,
1873 3479 1987 3544 per
2032 3461 2269 3527 ostium
2321 3459 2808 3544 paradysiacum
2851 3457 2974 3523 do-

611 3566 844 3631 minico
890 3566 1131 3649 templo
1173 3567 1362 3650 longo
1409 3565 1628 3631 ordine
1674 3585 1961 3651 egressus
2015 3566 2372 3650 principem
2416 3583 2564 3630 cum
2611 3583 2723 3629 0110
2768 3562 2973 3628 comi-

612 3673 756 3737 tatu
799 3671 1277 3737 descendentem
1335 3671 1568 3755 excipit
1612 3674 1677 3737 et
1721 3692 1848 3737 non
1893 3672 2028 3737 sine
2073 3690 2302 3756 magno
2364 3670 2589 3754 populi
2633 3687 2969 3750 concursu,

826 3900 873 3970 ⁸)
910 3901 1020 3955 Me.
1032 3919 1050 3954 .·
1086 3899 1360 3955 lascinias.

615 4129 618 4132 ’
829 4114 871 4182 ¹)
907 4114 1013 4168 Die
1049 4113 1149 4168 auf
1180 4112 1365 4168 diesen
1401 4112 1514 4167 und
1555 4112 1663 4168 den
1699 4111 1992 4184 folgenden
2028 4111 2290 4182 Vorgang
2343 4110 2661 4182 beziigliche
2698 4108 2872 4164 Stelle
2907 4108 2972 4163 in

612 4202 710 4257 der
745 4201 982 4258 0111-011111
1019 4202 1113 4258 des
1148 4203 1224 4257 M.
1262 4203 1355 4257 Ro
1376 4200 1562 4256 chell
1613 4202 1682 4271 (s.
1718 4201 1792 4256 M„
1835 4200 1993 4267 G.-Q.
2030 4200 2140 4269 111,
2178 4199 2369 4269 231f.)
2422 4200 2499 4254 ist
2533 4199 2660 4254 kein
2696 4196 2969 4252 selbstan·

613 4289 769 4361 diget
806 4291 999 4346 Zusatz
1038 4308 1105 4346 zu
1140 4291 1340 4360 Kerss.,
1398 4291 1629 4346 sondern
1664 4306 1770 4345 nur
1804 4291 1926 4345 eine
1961 4288 2350 4345 unwesentlich
2387 4290 2689 4344 erweiterte
2725 4284 2973 4339 Wicder-

612 4378 753 4449 gabe
790 4379 886 4434 der
921 4378 1107 4434 Worte
1143 4379 1443 4434 desselben.
