3259 5075
625 306 755 371 506
1483 306 1666 370 Anno
1720 306 1888 370 1534
1933 307 2090 370 acta.

622 481 693 547 in
736 481 994 565 publica
1039 482 1160 547 hac
1190 500 1378 547 causa
1421 485 1486 547 et
1530 482 1883 548 miseranda
1929 502 2141 547 rerum
2172 482 2331 548 facie
2362 482 2700 566 quicquam
2742 500 2962 565 aggre-

625 588 855 670 diatur,
924 589 1184 672 proinde
1252 589 1406 653 haec
1452 590 1663 654 omnia
1723 589 1849 655 sibi
1913 589 2074 654 serio
2120 588 2523 654 deliberanda
2587 609 2702 672 per
2744 588 2961 653 literas

623 695 946 778 proponit,
994 697 1071 760 ut
1116 714 1355 778 secum,
1424 695 1573 780 quid
1621 696 1694 759 in
1737 696 1855 761 hac
1902 717 1967 761 re
2013 716 2169 779 opus
2219 696 2303 762 sit
2349 697 2533 778 facto,
2584 696 2956 762 consultant.

621 801 978 885 Eodemque
1011 801 1111 866 die
1143 802 1442 867 dioecesis
1475 802 1806 885 praefectis
1840 803 2228 886 satrapisque
2260 803 2552 869 omnibus
2582 821 2695 885 per
2725 801 2963 885 scripta

622 908 816 972 edicit
834 910 875 990 ¹,
924 910 1001 973 ut
1036 928 1158 990 eoS,
1208 909 1318 992 qui
1363 909 1800 992 anabaptisma
1844 910 2111 975 aversati
2142 909 2520 975 Monasterio
2567 910 2965 974 excesserunt

621 1015 807 1098 atque
852 1015 920 1079 in
965 1016 1144 1098 pagis
1193 1015 1564 1099 oppidisque
1609 1016 1846 1099 passim
1889 1036 2003 1099 per
2048 1017 2357 1082 dioecesin
2403 1015 2534 1081 fusi
2578 1034 2710 1080 sese
2755 1013 2957 1079 conti-

620 1123 836 1203 neant,
908 1123 1206 1187 tueantur
1265 1141 1336 1186 ac
1382 1121 1719 1187 defendant
1778 1122 2114 1206 tutumque
2178 1123 2335 1206 ipsis
2381 1122 2799 1188 commeatum
2846 1139 2959 1184 suo

620 1227 871 1293 nomine
931 1228 1302 1312 largiantur,
1365 1229 1473 1293 sed
1519 1229 1950 1312 anabaptistas
1996 1229 2528 1312 comprehendant
2573 1226 2958 1292 carceribus-

621 1353 740 1418 que
790 1334 1221 1418 constringant
1265 1335 1630 1418 meritisque
1678 1335 2010 1418 suppliciis
2057 1336 2121 1400 et
2165 1335 2381 1418 poenis
2430 1333 2789 1398 subiiciant.

831 1440 1066 1505 Eodem
1113 1440 1212 1505 die
1242 1441 1516 1524 virgines
1563 1441 1865 1524 quaedam
1904 1441 2165 1522 nobileS‚
2217 1441 2325 1506 sed
2358 1440 2621 1504 vestales
2674 1437 2959 1503 coenobii

616 1547 952 1631 Aegidiani
1020 1568 1134 1612 nec
1193 1567 1317 1612 non
1385 1548 1849 1613 Transfluviani
1914 1547 2387 1631 philosophicae
2445 1565 2516 1611 ac
2575 1545 2961 1610 monasticae

618 1653 784 1719 vitae
830 1655 1147 1736 pertaesae
1189 1653 1482 1718 habitum
1526 1656 1867 1737 votumque
1914 1654 2015 1718 sui
2048 1653 2286 1719 ordinis
2334 1652 2715 1718 excutientes
2735 1653 2762 1690 ²
2807 1670 2955 1716 con-

616 1760 782 1844 iugii
828 1760 1172 1842 capistrum
1233 1760 1472 1824 subolis
1541 1760 1869 1843 praetextu
1913 1761 2201 1825 affectare
2246 1760 2627 1824 videbantur
2683 1777 2809 1822 non
2852 1756 2954 1821 in-

616 1867 1000 1950 telligentes,
1065 1867 1317 1950 quantis
1363 1866 1698 1947 molestiiS,
1765 1866 2036 1931 miseriis
2083 1868 2147 1931 et
2192 1866 2660 1930 calamitatibus
2707 1884 2779 1929 ea
2821 1864 2962 1928 vita

616 1973 970 2038 infestetur.
1062 1973 1362 2037 Parentes
1406 1975 1616 2036 autem
1665 1992 1879 2036 earum
1947 1973 2219 2036 arcuatis
2267 1972 2559 2036 curribus
2624 1989 2796 2035 more
2842 1988 2955 2033 no-

615 2079 845 2144 bilium
891 2079 1015 2143 huc
1060 2079 1306 2143 advecti
1351 2078 1430 2142 ad
1477 2098 1541 2143 se
1573 2098 1676 2143 eas
1722 2078 1970 2143 blandis
2017 2079 2224 2143 verbis
2272 2097 2558 2142 revocare
2604 2077 2669 2141 et
2711 2076 2789 2140 ab
2836 2074 2955 2139 hac

615 2185 813 2268 impia
857 2184 1110 2249 vivendi
1156 2185 1395 2248 ratione
1443 2185 1790 2249 subducere
1834 2184 2202 2249 moliuntur.
2274 2185 2542 2248 Illarum
2573 2202 2716 2248 vero
2764 2200 2953 2265 quae-

616 2291 761 2355 dam
826 2291 1147 2373 „Redite,“
1199 2290 1516 2373 inquiunt,
1593 2291 1887 2372 „domum
1955 2310 2153 2374 neque
2199 2290 2398 2354 nostri
2443 2309 2630 2354 causa
2692 2285 2955 2353 solliciti

615 2399 829 2463 estote.
924 2398 1049 2463 Vos
1095 2416 1221 2461 non
1267 2397 1417 2461 estis
1485 2398 1774 2480 parentes
1839 2398 2067 2479 nostri,
2118 2397 2228 2480 qui
2272 2396 2557 2480 neglecto
2617 2394 2955 2478 parentum

615 2503 819 2569 officio
866 2502 935 2568 in
980 2502 1150 2568 hunc
1212 2502 1421 2569 locum
1466 2503 1689 2568 mortis
1735 2522 1846 2568 nos
1894 2503 2265 2585 coniecistis„
2315 2503 2426 2587 qui
2471 2521 2583 2567 nos
2629 2498 2957 2584 perpetuis

614 2610 883 2676 flammis
932 2609 1198 2675 urendas
1245 2609 1618 2674 tradidistis.
1692 2610 1821 2674 Nos
1867 2611 2065 2675 vitam
2108 2610 2435 2674 honestam
2482 2608 2664 2672 nobis
2711 2608 2775 2671 et
2820 2607 2955 2670 Deo

613 2719 932 2801 acceptam
963 2716 1273 2800 eligimus
1342 2715 1567 2780 Redite
1611 2717 1705 2781 ita
1734 2735 1879 2782 cum
1925 2717 2088 2781 bona
2131 2736 2281 2799 pace
2328 2715 2699 2780 domum-W
2748 2713 2955 2792 Quae-

613 2823 758 2888 dam
806 2823 998 2888 etiam
1058 2822 1409 2887 avehendae
1456 2841 1492 2887 a
1536 2826 1870 2905 parentum
1939 2823 2227 2886 curribus
2274 2841 2311 2886 a
2356 2821 2736 2905 quibusdam
2800 2819 2953 2884 sub-

613 2930 851 2995 ornatis
892 2928 1180 2994 retinctis
1225 2930 1292 2993 vi
1336 2929 1691 3012 rapiuntur,
1740 2930 1969 3013 quibus
2012 2929 2144 2993 vim
2186 2930 2432 3013 gratam
2475 2928 2670 2992 fuisse
2716 2926 2948 2990 ferunt.

612 3035 929 3115 Quaedam
996 3036 1306 3119 pudicitia
1350 3036 1557 3101 adhuc
1621 3036 1867 3119 integra
1927 3038 2260 3119 parentum
2306 3035 2559 3101 fletibus
2606 3034 2957 3098 commotae

612 3143 997 3208 salutaribus
1044 3142 1576 3207 admonitionibus
1640 3143 2047 3226 acquiescunt
2112 3143 2373 3225 ideoque
2434 3138 2951 3223 anabaptisticae,

611 3248 729 3314 hoc
776 3251 873 3313 est
915 3250 1302 3313 monstrosae
1353 3248 1611 3313 libidini
1658 3250 2136 3313 subtrahuntur.
2214 3248 2453 3312 Multae
2500 3265 2745 3331 quoque
2790 3245 2950 3310 alio-

609 3373 755 3419 rum
798 3354 1239 3419 coenobiorum
1281 3354 1557 3437 virgines
1604 3354 1722 3419 hac
1768 3356 1947 3436 grata
1992 3354 2309 3419 occasione
2354 3354 2708 3419 fruuntur⁸.

823 3529 872 3596 ⁸)
910 3531 1048 3583 Man:
1083 3531 1142 3584 in
1176 3529 1279 3584 hac
1316 3534 1475 3601 grata
1511 3530 1790 3583 occasione
1827 3529 2097 3583 fruuntur.

827 3691 870 3756 ¹)
905 3688 1077 3742 Nicht
1112 3688 1265 3743 mehr
1316 3689 1698 3743 nachweisbar.
1772 3688 1873 3741 Ein
1910 3687 2104 3741 Befehl
2141 3687 2234 3740 des
2269 3686 2518 3740 Bischofs
2563 3703 2632 3739 an
2669 3685 2760 3739 die
2794 3685 2956 3739 Amt-

606 3776 773 3845 leute,
811 3777 919 3831 alle
956 3777 1051 3832 der
1087 3777 1534 3832 Wiedcrtauferci
1570 3777 1973 3845 Vordachtigen
2011 3793 2077 3829 zu
2113 3775 2420 3843 verhaften‚
2476 3793 2586 3829 war
2619 3776 2823 3829 bereits
2861 3790 2954 3828 am

605 3864 657 3919 3.
695 3866 853 3921 Febr.
892 3883 989 3920 aus
1027 3865 1282 3920 Wolbeck
1321 3882 1611 3936 ergangen.
1684 3864 1809 3935 vgl.
1849 3865 1986 3918 oben
2024 3864 2077 3919 S.
2112 3864 2217 3916 487
2254 3862 2410 3917 Anm.

822 3953 866 4023 ²)
902 3954 1014 4008 Das
1052 3955 1128 4007 ist
1165 3959 1368 4023 zuerst‚
1423 3955 1523 4007 wie
1560 3954 1742 4008 Kerss.
1781 3953 1952 4007 selbst
2003 3952 2320 4020 berichtcte,
2375 3952 2577 4006 bereits
2632 3951 2820 4006 friiher
2856 3969 2955 4023 ge-

605 4041 857 4096 schehen.
912 4042 1038 4111 Vgl.
1076 4043 1213 4097 oben
1251 4043 1304 4097 S.
1341 4042 1447 4095 472
1468 4042 1542 4110 ff„
1578 4059 1659 4096 wo
1697 4041 1835 4096 auch
1874 4042 1968 4095 der
2003 4040 2180 4109 Brief‚
2218 4042 2274 4094 in
2313 4040 2433 4094 dem
2470 4041 2565 4094 der
2598 4041 2829 4095 Bischof
2861 4059 2954 4095 am

604 4130 693 4185 26.
719 4129 928 4185 Januar
963 4130 1058 4185 der
1091 4129 1368 4185 Aebtissin
1403 4130 1645 4198 befiehlt,
1684 4129 1786 4183 den
1824 4130 2011 4185 Eltern
2047 4129 2157 4184 und
2194 4129 2552 4185 Verwandten
2592 4129 2688 4183 der
2725 4131 2951 4185 abtriin-

605 4219 770 4289 nigen
806 4220 1076 4290 Jungfern
1112 4220 1432 4290 Mltteilung
1467 4236 1571 4273 von
1608 4218 1731 4272 dem
1769 4218 2151 4273 Geschchenen
2189 4235 2255 4271 zu
2290 4218 2533 4273 macheu.

820 4306 867 4375 ⁸)
903 4306 1027 4377 vgl.
1068 4306 1206 4361 dazu
1243 4307 1331 4361 die
1367 4306 1619 4362 Anmerk.
1658 4323 1725 4360 zu
1762 4305 1884 4360 dem
1918 4306 2187 4374 Berichte,
2235 4305 2338 4360 den
2376 4306 2557 4362 Kerss.
2593 4306 2727 4361 bald
2761 4308 2959 4362 weiter

603 4398 774 4450 unten
810 4395 943 4450 iiber
979 4394 1066 4450 die
1102 4395 1333 4449 Familia
1377 4394 1640 4449 Johann’s
1677 4411 1726 4449 v.
1764 4393 1815 4448 d.
1851 4393 2029 4448 Recke
2065 4394 2232 4464 giebt.
