3259 5075
1163 254 1344 317 Anno
1403 254 1563 317 1541
1614 255 1774 318 acta.
2507 252 2640 318 905

272 427 606 493 restitutio
652 429 850 509 fieret,
900 428 1220 493 curiarum
1268 428 1551 494 omnium
1599 429 2065 494 restitutionem
2114 430 2364 512 plebem
2410 429 2640 494 acriter

266 553 318 599 a
350 536 573 599 senatu
606 553 916 599 arsuram.
982 535 1137 599 Inde
1183 536 1470 618 superior
1515 535 1962 616 inobedientia,
2010 536 2269 600 rebellio
2302 539 2366 601 et
2410 535 2636 601 seditio

269 641 582 707 adversus
645 641 1090 725 magistratum
1136 661 1207 706 ac
1254 642 1509 707 tandem
1559 642 1788 707 similis
1851 644 2061 706 motus
2109 642 2196 706 sit
2241 642 2633 707 metuendus.

275 747 349 813 Si
397 767 542 812 vero
590 747 798 812 curiae
843 747 912 811 in
959 747 1306 829 pristinum
1353 750 1592 813 statum
1640 751 1706 813 et
1749 748 2112 813 libertatem
2167 748 2490 831 antiquam
2539 767 2637 813 re-

270 853 653 936 stituantur,
704 872 862 937 quae
907 857 1061 918 tunc
1108 854 1414 919 fenestrae
1459 855 1729 919 funestis
1776 854 2058 918 dissidiis
2097 856 2161 918 et
2205 854 2635 919 eversionibus

268 959 567 1025 omnium
614 961 897 1025 statuum
958 959 1148 1024 huius
1195 959 1496 1024 dioecesis
1544 960 1929 1043 aperiantur,
1996 959 2383 1042 superiorem
2428 959 2636 1024 curia-

272 1082 425 1129 rum
483 1064 843 1130 libertatem
888 1065 954 1129 in
1001 1057 1323 1129 licentiam
1371 1085 1615 1131 versam
1671 1067 1825 1130 satis
1872 1065 2211 1131 edocuisse.
2308 1065 2377 1130 Si
2423 1069 2636 1131 autem

272 1171 591 1254 superiori
624 1171 854 1236 similis
885 1171 1092 1236 clades
1139 1172 1403 1254 imperio
1437 1192 1474 1236 a
1506 1172 1775 1237 dioecesi
1819 1173 2001 1238 illata
2035 1172 2249 1253 fuerit,
2297 1172 2637 1256 imperium

269 1296 317 1341 a
363 1277 632 1342 dioecesi
676 1298 803 1342 non
850 1278 1054 1342 solum
1101 1280 1414 1361 impensas
1462 1298 1675 1343 omnes
1740 1281 2124 1359 exacturum,
2172 1299 2391 1344 verum
2439 1281 2633 1344 etiam

273 1385 501 1448 urbem
547 1383 617 1447 111
663 1388 1001 1449 extremam
1050 1387 1114 1449 et
1159 1384 1467 1467 principis
1499 1387 1564 1449 et
1608 1388 1860 1450 senatus
1909 1388 1973 1450 et
2019 1385 2288 1450 aliorum
2335 1385 2632 1452 ordinum

272 1490 621 1572 perniciem
667 1489 956 1555 funditus
990 1509 1375 1555 eversurum.
1435 1490 1729 1556 *Summe
1775 1491 1977 1573 igitur
2021 1492 2443 1555 necessarium
2476 1510 2628 1575 esse,
2739 1550 2753 1565 ‚

272 1598 371 1677 ut,
421 1596 1142 1679 quibuscunqueetim
1189 1597 1393 1661 modis
1432 1597 1574 1661 fieri
1620 1599 1824 1681 queat,
1874 1597 2110 1661 futuris
2158 1598 2328 1662 hisce
2373 1597 2632 1662 calami-

266 1702 538 1783 tatibuS,
589 1705 896 1786 quantum
945 1703 1160 1768 divina
1203 1705 1410 1787 gratia
1454 1704 1832 1786 permiserit,
1883 1703 2131 1778 obviam
2178 1705 2375 1767 eatur.
2450 1700 2632 1781 Quod

270 1806 469 1872 etiam
517 1810 770 1872 senatus
803 1809 1140 1873 consilium
1186 1828 1505 1873 summum
1551 1809 2014 1874 communicare
2046 1812 2111 1875 et
2142 1810 2211 1874 in
2240 1810 2442 1874 ullam
2476 1830 2626 1891 rem,

270 1932 436 1996 quae
481 1913 560 1977 ad
607 1916 898 1979 constans
959 1915 1134 1978 urbis
1183 1915 1462 1996 regimen
1524 1915 1865 1997 pertineat,
1939 1915 2290 1980 consentire
2335 1915 2514 1995 nolit,
2566 1935 2630 1981 se

272 2018 676 2083 vehementer
719 2019 957 2100 mirari,
1006 2039 1153 2084 cum
1199 2020 1462 2084 formam
1512 2020 1837 2103 politicam
1877 2040 1914 2085 a
1944 2021 2229 2104 principe
2276 2022 2631 2105 praescrip-

270 2125 409 2189 tam
454 2125 579 2190 sibi
626 2126 1066 2208 permolestam
1115 2146 1245 2190 esse
1292 2130 1593 2210 queratur
1639 2129 1704 2190 et
1748 2146 1821 2190 ex
1867 2127 2299 2209 superioribus
2350 2127 2628 2192 motibus

276 2229 578 2314 tanquam
622 2234 891 2296 rectores
925 2233 1102 2297 urbis
1150 2233 1369 2312 sciant,
1420 2234 1652 2316 quibus
1692 2232 1985 2297 remediis
2030 2233 2268 2297 futuris
2303 2233 2404 2297 via
2449 2252 2629 2316 prae-

270 2337 587 2403 cludatur.
636 2339 766 2403 Nec
798 2359 921 2403 non
969 2346 1254 2404 senatum
1287 2340 1463 2421 scire,
1514 2339 1681 2422 quod
1713 2339 1880 2403 inter
1925 2340 2241 2423 principes
2276 2340 2626 2422 superiores

269 2447 340 2509 et
385 2444 710 2509 civitatem
744 2446 1294 2510 Monasteriensem
1341 2446 1726 2511 iudiciorum
1759 2449 1823 2512 et
1867 2445 2326 2511 iurisdictionis
2373 2446 2627 2510 nomine

269 2550 591 2616 contentio
623 2552 958 2636 aliquoties
1005 2553 1304 2617 inciderit
1325 2558 1362 2634 ¹,
1412 2573 1570 2637 quae
1601 2573 1728 2618 non
1759 2554 1891 2618 tam
1935 2552 2214 2636 principi
2251 2554 2316 2616 et
2359 2551 2627 2618 dioecesi

490 2816 531 2883 ¹)
570 2815 727 2870 Noch
764 2833 853 2869 am
894 2820 974 2870 18.
1013 2817 1253 2870 Februar
1300 2817 1430 2868 1535
1486 2816 1696 2870 schrieb
1735 2815 1963 2870 Bischof
2010 2815 2291 2869 Friedrich
2326 2832 2430 2869 von
2468 2815 2625 2870 Wied

271 2922 372 2959 aus
408 2904 594 2958 Ahaus
632 2905 753 2958 dem
792 2905 1072 2958 Stadtrate
1125 2905 1297 2974 (0118.
1334 2905 1410 2958 1111
1448 2904 1698 2958 Stadt-A.
1735 2905 1809 2959 M.
1849 2905 1939 2959 vo„
1977 2905 2074 2959 Nr.
2114 2905 2196 2972 8):
2240 2904 2374 2973 „Wy
2411 2904 2624 2958 werden

270 2993 557 3062 berichtet,
596 2993 694 3046 dat
718 3010 791 3063 gy
818 2993 986 3063 etlige
1011 2994 1194 3061 saken,
1233 3010 1294 3046 zo
1320 3010 1415 3046 vor
1439 3010 1654 3046 unsscm
1679 2992 1961 3063 wertligen
1988 2992 2230 3062 gerichte
2255 2991 2398 3046 unde
2420 2991 2625 3047 richter

274 3097 435 3136 unser
471 3081 622 3136 stadt
656 3083 903 3136 Munster
940 3099 998 3135 er
1035 3082 1241 3151 entlige
1295 3082 1635 3151 geboerliger
1669 3081 1967 3135 uthdracht
2019 3081 2159 3136 noch
2200 3080 2355 3135 nicht
2390 3080 2622 3151 erlangt,

270 3169 383 3224 und
422 3187 481 3224 er
516 3170 583 3224 de
621 3170 788 3224 durch
845 3170 1178 3240 appellation
1217 3188 1287 3224 an
1317 3172 1429 3240 juw
1488 3171 1777 3240 gekomen,
1834 3175 1995 3240 tegen
2035 3168 2156 3223 olde
2211 3172 2457 3239 gewonte
2511 3169 2625 3223 und

270 3259 542 3328 gebrueck
578 3276 737 3313 unses
774 3260 1013 3329 gerichts
1052 3259 1193 3313 unde
1231 3259 1388 3313 olden
1428 3258 1719 3313 herkornen
1756 3276 1850 3312 vor
1877 3260 1994 3328 juw
2026 3258 2242 3311 trecken
2281 3257 2424 3312 unde
2461 3258 2622 3311 advo-

272 3365 447 3416 ceren,
487 3348 584 3402 dat
620 3365 805 3401 unsem
844 3348 1087 3418 gerichte
1128 3354 1183 3402 to
1210 3348 1479 3402 affbrocke
1518 3347 1627 3401 und
1655 3347 2035 3417 verkleinonge
2071 3346 2261 3414 reiket,
2299 3364 2402 3401 11113
2439 3346 2538 3401 ock
2563 3350 2621 3401 to

272 3436 478 3490 erliden
516 3437 670 3490 nicht
706 3442 956 3507 8313111011
992 3437 1135 3507 wyll,
1212 3437 1517 3490 Derhalven
1554 3454 1637 3507 wy
1678 3437 1776 3490 ock
1812 3454 1886 3491 nu
1924 3440 2174 3506 gerorten
2212 3452 2382 3489 unsen
2418 3434 2623 3489 richter

272 3524 446 3579 bevell
484 3525 699 3595 gedain,
755 3526 1008 3579 darmede
1045 3532 1166 3579 vort
1201 3530 1259 3579 to
1296 3526 1475 3592 faren,
1514 3543 1594 3579 wo
1635 3526 1751 3579 zick
1788 3525 1884 3578 dat
1919 3542 1990 3578 na
2027 3524 2216 3579 stilum
2270 3523 2363 3577 1133
2398 3523 2623 3578 rechten

272 3613 381 3667 und
419 3613 570 3668 older
607 3617 887 3684 gewonten
944 3614 1087 3667 unde
1123 3614 1363 3681 gerichts
1418 3613 1631 3683 verloep
1669 3614 1922 3669 behoiren
1962 3612 2094 3681 zall,
2151 3612 2250 3666 dar
2284 3611 2451 3666 dorch
2487 3628 2622 3667 unse

274 3702 514 3773 wertlige
552 3702 795 3772 gerich‘te
832 3702 988 3772 myth
1015 3702 1235 3756 zulcken
1274 3703 1712 3772 ungewontliken
1748 3703 1892 3757 unde
1917 3702 2329 3773 unbehoirligen
2366 3702 2620 3757 inbrocke

272 3791 615 3861 ungesweckt
650 3790 857 3861 blyve.“
934 3792 1045 3845 Der
1081 3792 1310 3845 Bischof
1347 3792 1554 3845 fordert
1591 3809 1711 3845 vom
1748 3792 1887 3846 Rate
1922 3791 2251 3860 Abstellung
2286 3790 2383 3844 der
2418 3791 2619 3845 Ueber·

273 3879 427 3949 griffo
483 3879 571 3934 fiir
607 3880 696 3934 die
733 3880 971 3934 Zukunft
1020 3881 1130 3934 und
1168 3880 1319 3934 salu-t
1372 3881 1515 3933 dann
1554 3880 1690 3934 fort:
1736 3880 1838 3944 „So
1876 3896 1978 3935 uns
2015 3880 2114 3934 ock
2150 3881 2206 3933 in
2243 3879 2619 3949 inbrengunge

273 3984 429 4022 unses
468 3967 707 4038 gerichts
742 3968 964 4023 verselle
1020 3969 1129 4022 und
1183 3970 1380 4023 broche
1436 3968 1601 4022 dorch
1641 3968 1808 4038 etlige
1858 3969 2003 4038 juwe
2055 3968 2242 4022 deiner
2278 3969 2490 4038 erringe
2526 3968 2619 4022 be-

272 4056 471 4127 1383111,
510 4055 608 4111 dat
644 4056 710 4111 de
747 4074 858 4127 ger.
893 4074 1081 4112 111133111
1117 4058 1321 4112 richtor
1357 4057 1509 4111 nicht
1546 4058 1755 4111 werden
1794 4062 1891 4113 ton
1925 4057 2142 4112 handen
2177 4056 2399 4128 gestalt,
2437 4055 2621 4111 willan

272 4160 351 4215 wy
388 4143 630 4199 hil-mede
667 4145 902 4215 guitlich
936 4146 1127 4216 begert
1164 4145 1390 4211 hebben,
1430 4146 1525 4199 dat
1563 4163 1635 4215 gy
1663 4145 1778 4200 also
1817 4145 2142 4215 beschaffen,
2181 4144 2384 4199 zodane
2420 4145 2621 4200 broeke

273 4249 456 4288 111133111
491 4233 698 4289 richter
732 4233 1095 4289 unbehindert
1146 4234 1331 4305 folgen
1369 4234 1482 4289 und
1517 4235 1761 4304 gelevert
1793 4234 2024 4304 werden,
2071 4251 2152 4290 110
2189 4234 2308 4288 zick
2345 4232 2442 4290 dat
2475 4233 2622 4289 nach

270 4321 539 4378 billicheit
572 4322 905 4379 bethemmet
940 4362 955 4377 .
978 4364 988 4375 .
1011 4326 1058 4377 .“
