3259 5075
500 2164 621 2210 Jan.

649 279 783 344 914
1513 278 1698 343 Anno
1751 279 1914 343 1541
1967 280 2124 343 acta.

647 454 947 521 Twistius
992 454 1319 538 Weslingo
1366 455 1761 546 committere
1822 454 2058 538 illoque
2103 474 2217 538 pro
2262 454 2659 520 internuncio
2709 455 2818 520 uti
2873 475 3040 521 con-

649 561 886 627 stituit.
950 561 1224 627 Proinde
1254 564 1704 626 commemorat
1730 560 2075 645 Wesliugo,
2124 562 2292 645 quod
2337 563 2591 626 senatus
2621 561 3038 627 Monasteri-

647 667 817 733 ensis
864 667 1227 732 Herdenum
1261 668 1324 732 et
1354 667 1861 752 Schenckingum
1908 667 2390 751 privilegiorum
2429 668 3040 751 recuperandorum

646 773 855 856 gratia
898 773 978 838 ad
1024 792 1090 838 se
1136 774 1537 857 ablegaverit,
1587 774 1701 857 qui
1748 793 1960 839 secum
2006 794 2079 838 ea
2122 774 2200 838 de
2247 793 2312 838 re
2358 774 2518 838 serio
2564 774 2860 857 egerint3
2915 794 3036 840 ne-

646 879 886 943 minem
929 899 1075 944 vero
1122 879 1201 944 ad
1247 881 1406 944 eam
1433 881 1715 946 securius
1785 880 2280 965 diligentiusque
2325 899 2395 945 ac
2441 880 2577 944 sine
2640 881 3034 963 suspicione

648 985 1100 1050 conficiendam
1145 986 1419 1050 inveniri
1464 1005 1662 1069 posse,
1712 1005 1902 1070 quam
1948 986 2162 1069 ipsum
2193 986 2538 1066 doctorem;
2584 986 2782 1051 flium
2815 988 3027 1068 enim,

649 1108 796 1155 cum
826 1090 914 1155 sit
942 1091 1120 1173 civis,
1171 1091 1451 1157 civitatis
1483 1092 1884 1157 commodum
1931 1092 2239 1176 singulari
2272 1093 2405 1157 sine
2435 1092 2630 1157 dubio
2660 1093 2793 1157 fide
2824 1113 3030 1159 cura-

648 1198 887 1279 turum,
936 1199 1002 1262 et
1046 1217 1192 1262 cum
1224 1198 1310 1263 sit
1355 1198 1638 1264 medicus
1684 1199 2062 1283 publicaque
2108 1219 2388 1282 persona
2436 1199 2647 1282 ipsum
2683 1200 2860 1264 citra
2911 1219 3028 1265 su-

650 1301 993 1385 spicionem
1040 1303 1241 1368 ullam
1283 1306 1415 1369 tam
1463 1304 1634 1386 apud
1685 1304 2038 1388 principem
2085 1307 2149 1369 et
2194 1324 2260 1369 se
2305 1323 2495 1388 quam
2540 1304 2708 1386 apud
2759 1305 3024 1369 Herde-

645 1426 803 1473 num
849 1411 914 1473 et
960 1409 1467 1493 Schenckingum
1511 1410 1725 1475 omnia
1791 1410 1918 1475 sibi
1965 1410 2323 1474 clanculum
2390 1410 2724 1475 commissa
2795 1404 3057 1477 tutius⁸

645 1513 878 1579 referre
923 1534 1123 1598 posse.
1172 1515 1538 1599 Weslingus
1584 1516 1654 1579 in
1698 1515 1971 1599 gratiam
2018 1514 2297 1580 civitatis
2344 1535 2408 1580 se
2439 1514 2507 1580 id
2552 1515 2877 1580 facturum
2916 1537 3021 1581 re·

645 1619 836 1702 cipit,
906 1639 1098 1704 quare
1143 1640 1255 1704 per
1300 1620 1516 1702 ipsum
1558 1620 1860 1686 Twistius
1906 1620 2197 1686 Herdeno
2245 1624 2310 1685 et
2355 1621 2789 1705 Schenckingo
2837 1641 3019 1687 nun-

646 1724 794 1807 ciat,
842 1745 921 1791 ne
966 1726 1045 1790 ad
1093 1746 1157 1792 se
1198 1727 1674 1813 Saxenburgum
1721 1728 2012 1794 vitandae
2060 1729 2440 1812 suspicionis
2485 1748 2673 1794 causa
2715 1731 3013 1812 veniant,

647 1851 732 1914 se,
767 1833 1069 1917 quicquid
1103 1854 1141 1899 a
1170 1854 1236 1899 se
1268 1836 1437 1918 apud
1468 1836 1821 1920 principem
1852 1834 2020 1900 effici
2052 1835 2269 1918 velint,
2313 1835 2554 1900 doctori
2598 1836 3018 1901 inter-nuncio

648 1937 730 2002 ad
777 1958 842 2004 se
888 1939 1329 2021 perferendum
1376 1942 1752 2007 concredeut
1771 1945 1812 2008 ¹.

863 2046 1037 2111 Haec
1081 2065 1269 2112 causa
1312 2048 1534 2113 multis
1582 2048 1787 2113 modis
1856 2049 2138 2132 agitatur
2181 2050 2246 2113 et
2291 2046 2569 2113 volvitur
2613 2065 2776 2111 anno
2836 2049 3010 2112 1541

649 2149 718 2216 in
762 2152 1077 2218 Ianuario.
1172 2153 1293 2218 Sed
1338 2154 1638 2218 Twistius
1695 2173 1804 2237 spe
1849 2154 2159 2219 uberioris
2207 2157 2501 2237 quaestus
2549 2152 2756 2217 multa
2803 2154 3015 2218 inter-

649 2257 811 2340 iicit,
860 2278 1067 2324 moras
1115 2260 1315 2325 nectit
1343 2280 1720 2343 causamque
1766 2260 2203 2343 procrastinat,
2253 2259 2419 2324 unde
2466 2260 2722 2323 senatus
2751 2258 3013 2323 Twistii

647 2365 925 2429 mentem
972 2383 1097 2429 non
1143 2366 1404 2431 obscure
1449 2366 1776 2451 intelligit.
1846 2366 2052 2447 Quare
2097 2385 2210 2449 per
2255 2365 2573 2430 doctorem
2618 2364 2754 2429 loco
2804 2364 3012 2430 hono-

647 2468 802 2534 rarii
848 2470 1340 2555 quadringentos
1408 2474 1674 2538 florenos
1742 2492 1961 2539 aureos
2021 2471 2147 2555 ipsi
2214 2471 2472 2537 addicit.
2564 2470 3010 2537 Nihilominus

648 2577 861 2642 tamen
906 2577 1143 2643 maiora
1213 2598 1466 2662 sperans
1513 2600 1647 2645 rem
1694 2600 1804 2645 suo
1868 2580 2067 2645 solius
2114 2581 2259 2644 astu
2305 2579 2385 2644 ad
2430 2578 2663 2644 festum
2721 2578 3008 2644 Paschae

866 2840 908 2911 ¹)
943 2841 1048 2895 Die
1088 2841 1289 2908 „Korte
1343 2841 1703 2912 antekunge“:
1765 2842 1926 2908 „Nun
1979 2843 2168 2913 begaff
2216 2844 2356 2914 sick,
2418 2843 2518 2898 dat
2568 2843 2866 2899 Frederich
2899 2861 3007 2899 von

647 2928 850 2984 Twiste
890 2969 936 2982 ..
960 2969 973 2983 .
1011 2929 1212 2984 kranck
1247 2928 1372 2984 lach
1412 2946 1534 2983 zum
1561 2929 1961 3001 Sassenbergh3
1999 2932 2130 2986 wass
2168 2933 2317 2987 einer
2352 2948 2516 2987 unser
2549 2933 2748 3003 borget
2782 2931 3008 2986 Johmn

649 3017 998 3086 wesselinclg
1035 3017 1224 3072 doctor
1259 3017 1369 3072 und
1406 3017 1547 3073 nach
1585 3018 1683 3073 der
1713 3018 1825 3073 tidt
1857 3018 2063 3074 richter
2096 3020 2300 3075 diesser
2326 3020 2476 3075 stadt
2498 3020 2762 3089 Munster,
2798 3021 2874 3091 by
2907 3037 3006 3091 ge-

648 3104 883 3160 dachten
920 3105 1147 3177 Twiste,
1201 3123 1365 3177 quam
1402 3106 1512 3161 und
1549 3106 1778 3177 plegede
1816 3123 1920 3177 eyn
1956 3107 2084 3162 radt
2117 3109 2175 3162 in
2213 3110 2358 3164 siner
2392 3108 2731 3163 kranckheit-
2803 3108 2891 3163 Do
2924 3126 3006 3164 nu

645 3210 721 3264 up
759 3210 895 3265 eyne
931 3193 1043 3248 tidt
1095 3200 1330 3264 genante
1380 3194 1592 3250 Heerde
1628 3194 1742 3248 und
1778 3183 2153 3251 Schenckinck*
2200 3197 2501 3267 bogerden,
2554 3197 2630 3267 by
2663 3197 2870 3252 Twiste
2903 3195 3003 3252 tho

645 3282 858 3352 komen,
894 3300 1020 3337 nam
1046 3283 1220 3339 Twist
1253 3283 1358 3338 den
1383 3284 1573 3339 doctor
1606 3284 1822 3355 alleyne
1858 3284 1968 3339 und
1993 3286 2098 3339 mit
2119 3285 2312 3356 langer
2334 3285 2642 3341 verworden
2677 3285 2790 3339 und
2820 3289 3004 3356 prote-

644 3372 871 3440 station,
908 3371 1008 3426 dat
1040 3371 1111 3426 he
1146 3374 1254 3426 ime
1289 3374 1347 3426 in
1384 3372 1483 3428 dat
1517 3372 1765 3443 geheime
1818 3372 1932 3427 und
1968 3374 2194 3444 geloven
2230 3390 2433 3445 seggen
2469 3373 2659 3441 wolde,
2712 3372 2827 3428 und
2863 3389 3004 3429 vere

643 3458 754 3513 dit:
792 3459 863 3514 he
898 3476 1038 3515 were
1074 3460 1302 3515 besocht
1334 3477 1441 3514 von
1467 3460 1670 3515 etlilten
1706 3460 1802 3515 des
1838 3461 1996 3516 rades
2032 3461 2128 3516 tho
2152 3462 2416 3529 Munster,
2452 3461 2565 3515 und
2599 3461 2828 3516 nomede
2863 3461 3000 3516 Her-

645 3564 812 3602 mann
835 3547 1084 3602 Heerden
1121 3547 1233 3602 und
1268 3547 1544 3602 Hermann
1570 3548 1958 3618 Schenckinck,
1994 3551 2096 3604 wie
2121 3552 2200 3605 sie
2228 3566 2393 3620 gerne
2416 3548 2643 3617 wolden,
2680 3548 2786 3604 deu
2811 3548 3004 3604 standt

641 3635 745 3691 der
779 3634 932 3690 stadt
952 3635 1201 3692 Munster
1234 3652 1307 3706 up
1333 3636 1531 3691 andere
1554 3653 1705 3706 wege
1743 3635 2098 3707 thobrengen,
2136 3637 2248 3691 und
2273 3637 2372 3692 dat
2406 3638 2486 3692 sie
2509 3637 2762 3691 mochten
2787 3635 3000 3692 weddet

643 3723 743 3780 tho
783 3723 947 3779 ehren
982 3723 1304 3795 privilegien
1341 3724 1452 3778 und
1488 3724 1626 3778 aller
1659 3724 1985 3779 rechticheit
2033 3724 2229 3779 bracht
2261 3724 2499 3791 werden3
2549 3742 2609 3779 so
2645 3729 2818 3780 wuste
2854 3724 2998 3779 dm

641 3811 850 3867 'Twiste
885 3812 1148 3867 nemaudt
1182 3812 1281 3867 dar
1315 3812 1448 3867 beth
1484 3811 1580 3867 tho
1618 3813 1943 3884 gebmcken,
1994 3812 2103 3867 dan
2140 3829 2293 3883 eyne,
2331 3812 2435 3868 den
2471 3813 2677 3882 doctor,
2713 3817 2894 3868 vante
2928 3812 2997 3868 he

644 3900 822 3956 konde
859 3900 981 3956 oick
1015 3900 1328 3956 unbedacht
1362 3901 1452 3955 bie
1487 3900 1593 3956 den
1628 3900 1867 3969 fursten,
1913 3917 2052 3956 enne
2086 3900 2309 3970 sulvest,
2346 3900 2581 3970 Twisth‚
2634 3900 2854 3956 Herden
2888 3901 2998 3956 und

644 3988 1019 4044 Schenckinck
1052 3988 1266 4046 komen.
1319 3989 1435 4044 Dar
1460 3989 1577 4044 sich
1601 3988 1746 4044 dann
1771 3989 1861 4045 die
1884 3990 2075 4045 doctor
2108 3989 2367 4061 inbegaff.
2421 3990 2560 4044 Deus
2597 3989 2799 4044 schreff
2829 3988 2998 4044 Twist

644 4094 823 4149 eynen
857 4076 1001 4132 breff
1031 4093 1134 4132 ane
1170 4076 1389 4132 Herden
1424 4077 1537 4132 und
1574 4077 1970 4148 Schenckinck,
2007 4078 2106 4133 dat
2139 4079 2221 4133 sie
2256 4078 2413 4133 nicht
2446 4078 2600 4132 thom
2636 4076 2996 4148 Smenherge

644 4165 842 4221 komen
896 4164 1111 4234 solden,
1165 4181 1291 4222 mne
1325 4166 1689 4222 verdenckens
1737 4166 1852 4222 und
1887 4167 2166 4222 archwans
2204 4166 2409 4235 willen,
2464 4166 2608 4221 daun
2646 4169 2758 4220 wat
2792 4166 2870 4221 sie
2904 4182 2994 4236 ge·

642 4269 856 4310 werven
890 4254 1004 4309 und
1040 4255 1219 4326 gedan
1253 4255 1464 4311 hebben
1499 4255 1728 4323 velden,
1771 4255 2013 4311 dasselve
2049 4255 2221 4311 sollen
2258 4257 2338 4310 sie
2373 4255 2542 4310 dorch
2577 4254 2768 4310 doctor
2790 4253 2993 4309 Wesen-

640 4339 796 4395 linck
828 4341 1172 4410 uthrichten3
1208 4343 1298 4399 die
1333 4343 1509 4399 konde
1544 4343 1858 4399 unbedacht
1892 4343 1973 4398 aff
2002 4343 2115 4398 und
2151 4360 2220 4398 an
2257 4343 2332 4413 by
2362 4342 2469 4398 den
2503 4343 2716 4398 furatam
2750 4342 2990 4397 komen.⁸
