3259 5075
613 293 749 359 584
1479 294 1661 359 Anno
1718 296 1885 360 1534
1931 297 2088 360 acta.

831 470 929 535 12.
977 470 1176 535 Ρο1103
1220 469 1615 536 Bernardum
1656 470 2106 554 Boentruppen
2153 490 2225 536 ac
2269 470 2627 542 Gerardum
2652 469 2961 534 Pruessen
3082 483 3087 486 ·

609 575 930 639 mactandi
975 576 1398 659 creopoliiqne
1443 575 1710 641 curandi
1770 576 1871 641 ins
1918 576 2067 657 erit,
2139 596 2216 642 ne
2264 579 2541 642 recentes
2586 587 2801 640 carnes
2849 593 2962 639 suo

610 682 893 763 tempore
939 681 1164 747 desint.

833 788 930 851 13.
979 787 1377 851 Hermannus
1400 788 1690 868 Tot-nate,
1723 788 1984 853 Ioannes
2016 788 2296 853 Redeker
2323 791 2389 854 et
2417 788 2731 853 Henricus
2762 789 2965 853 Dum-

612 893 824 957 custer
854 911 999 956 cum
1037 911 1143 957 sex
1173 893 1306 957 suis
1339 893 1652 958 ministris
1683 893 1750 957 in
1784 912 1973 959 11311111
2018 894 2452 960 Israelitarum
2484 895 2721 960 calceos
2754 895 2961 959 suent.

833 1001 929 1064 14.
977 999 1240 1064 Ioannes
1272 999 1482 1081 Palck,
1533 1000 1846 1065 Henricus
1878 1001 2145 1082 Pothoff,
2195 1001 2507 1067 Henricus
2541 1001 2762 1082 Stolte,
2795 1000 2961 1066 Con-

611 1104 798 1170 radus
844 1104 1149 1186 Potthoff‚
1222 1104 1620 1169 Hermannus
1667 1104 1985 1170 Berninck
2039 1125 2109 1171 ac
2153 1106 2472 1173 Arnoldus
2518 1107 2894 1173 Roidtlandt
2914 1110 2956 1189 ¹,

609 1210 773 1276 fabri
820 1211 1096 1292 ferrarii,
1169 1209 1336 1274 nulli
1380 1229 1560 1275 suam
1606 1230 1857 1294 operam
1900 1213 2240 1295 negabunt.
2336 1212 2768 1278 Mollenhecke
2812 1231 2960 1277 vero

609 1335 682 1381 ac
728 1316 1093 1399 Steinkamp
1142 1316 1261 1381 soli
1304 1317 1708 1401 magistratui
1753 1317 1821 1382 in
1868 1317 2149 1383 cudendo
2216 1319 2594 1384 ferramento
2661 1320 2957 1384 servient.

831 1423 928 1488 15.
978 1424 1241 1488 Ioannes
1288 1422 1674 1488 Coesfeldius
1723 1442 1869 1486 cum
1916 1423 2046 1488 suis
2113 1423 2424 1489 ministris
2473 1425 2678 1489 claves
2725 1424 2959 1489 ferreos

609 1530 726 1594 cud
736 1531 799 1594 et
822 1531 861 1595 ².

829 1638 927 1702 16.
976 1634 1333 1699 Bel-nardus
1378 1636 1480 1698 tor
1526 1634 1725 1715 Moer,
1797 1634 2153 1699 Bernardus
2219 1634 2571 1720 Glandorp,
2646 1636 2960 1701 Henricus

607 1742 929 1808 Edelbloit
972 1743 1037 1806 et
1080 1741 1342 1806 Ioannes
1375 1739 1714 1805 Νο111101118
1761 1741 2218 1806 seminatorum
2265 1745 2453 1807 erunt
2497 1742 2801 1825 praefecti
2847 1742 2959 1806 da-

607 1850 893 1932 buntque
940 1866 1209 1930 operam,
1257 1865 1337 1910 ne
1382 1864 1577 1910 novae
1623 1865 1694 1910 ac
1739 1846 2079 1911 inusitatae
2126 1846 2401 1912 vestium
2446 1848 2684 1914 formae
2728 1849 2903 1913 fiant.

833 1957 928 2020 17.
977 1953 1336 2020 Oonscissas
1384 1955 1447 2017 et
1493 1952 1793 2016 dissectas
1841 1954 2044 2017 vestes
2091 1972 2272 2018 nemo
2317 1954 2596 2038 gestabit
2618 1957 2662 2018 ⁴.

829 2063 927 2126 18.
977 2060 1225 2125 Secreta
1255 2059 1574 2124 seniorum
1605 2058 1869 2123 consilia
1899 2060 2087 2142 atque
2116 2059 2366 2126 decreta
2395 2060 2654 2126 illorum
2701 2060 2960 2144 publica

607 2167 975 2251 privataque
1036 2165 1348 2229 Henricus
1395 2162 1792 2246 Krechtingk
1852 2166 2155 2246 tanquam
2199 2167 2459 2231 tabellio
2506 2169 2572 2232 et
2615 2185 2654 2231 a
2699 2166 2957 2231 secretis

609 2273 948 2356 diligenter
992 2271 1339 2336 annotabit.

832 2381 928 2444 19.
991 2377 1087 2442 Ne
1131 2377 1312 2460 quid,
1380 2376 1546 2461 quod
1592 2377 1672 2441 ad
1733 2375 2107 2442 bombardae
2155 2379 2217 2441 et
2261 2380 2575 2443 tormenta
2619 2397 2957 2462 eorumque

607 2504 797 2552 usum
864 2483 1283 2549 necessarium
1351 2483 1718 2567 requiritur,
1780 2484 1968 2565 desit,
2041 2484 2354 2549 Henricus
2400 2483 2832 2551 Mollenhecke
2892 2488 2957 2551 et

606 2592 964 2658 Bernardus
1011 2589 1355 2655 Pannicida
1400 2609 1614 2654 curam
1660 2590 2002 2655 habebunt.

822 2700 925 2763 20.
975 2697 1063 2763 Ut
1090 2696 1313 2761 vinum
1359 2697 1605 2780 aliaque
1637 2716 1870 2762 annosa
1914 2698 2102 2779 potus
2149 2718 2376 2782 genera
2403 2699 2473 2763 in
2504 2717 2695 2762 usum
2740 2717 2956 2782 aegro-

606 2804 883 2870 tantium
932 2806 995 2869 et
1041 2803 1252 2868 dolore
1321 2803 1517 2868 animi
1583 2803 2011 2868 laborantium
2060 2807 2522 2886 conserventur,
2596 2804 2955 2887 Stephanus

605 2911 1156 2995 Kupperschleger
1200 2911 1334 2974 01113
1383 2910 1474 2974 101
1520 2911 1799 2975 exactam
1846 2910 2155 2975 rationem
2204 2910 2524 2992 suscipiet.

822 3021 925 3082 21.
988 3018 1075 3083 Ut
1121 3036 1271 3081 auro
1318 3018 1382 3081 et
1442 3018 1700 3099 argento
1767 3019 1900 3080 tam
1968 3017 2214 3100 signato
2264 3034 2457 3096 quam
2514 3034 2639 3081 non
2706 3015 2955 3099 signato

605 3142 790 3189 verus
837 3125 901 3188 et
959 3123 1286 3207 legitimus
1332 3141 1484 3187 usus
1547 3122 1889 3204 tribuatur,
1961 3123 2232 3206 Magnus
2277 3121 2561 3202 KoehuS,
2633 3121 2956 3187 Conradus

605 3229 873 3311 Kruese‚
944 3227 1260 3294 Gerardus
1306 3227 1630 3310 Reyninck
1693 3228 1757 3292 et
1814 3227 2016 3292 Lucas
2063 3227 2299 3293 Gruter
2366 3227 2676 3311 singulari
2741 3227 2954 3292 studio

605 3334 936 3415 curabunt,
1003 3352 1078 3397 ne
1124 3333 1277 3417 quid
1340 3332 1658 3398 inutiliter
1703 3333 2108 3416 expendatur,
2168 3333 2278 3398 sed
2324 3334 2643 3398 seniorum
2689 3334 2955 3399 consilio

604 3440 675 3505 in
718 3439 1069 3505 utilitatem
1114 3439 1436 3522 publicam
1480 3432 1883 3505 convertatur
1899 3442 1942 3504 ⁵.

820 3548 923 3610 22.
971 3545 1253 3610 Andreas
1300 3545 1617 3611 Coriarius
1665 3548 1729 3610 et
1773 3546 2174 3611 Hermannus
2220 3544 2486 3610 Ribbert
2532 3546 2844 3610 coriorum
2891 3548 2956 3611 et

605 3652 872 3737 pellium
919 3651 1378 3735 praeparationi
1424 3671 1494 3716 ac
1541 3651 1748 3735 1111113,
1820 3651 2131 3736 quidquid
2177 3650 2253 3715 ad
2301 3651 2609 3716 sutoriam
2655 3651 2950 3733 pertinet,

320 3769 421 3843 Ἴ).
456 3771 579 3828 492.
605 3757 905 3841 praefecti
950 3759 1139 3822 erunt
1183 3756 1289 3822 *in
1336 3757 1453 3822 hac
1501 3761 1717 3822 sancta
1761 3757 2037 3822 civitate.

826 3932 868 4002 ¹)
903 3934 1016 3988 Der
1048 3934 1225 3988 Name
1259 3932 1466 3987 Arnold
1501 3932 1826 3987 Roidtlandt
1861 3932 2002 3987 fehlt
2035 3933 2093 3987 in
2130 3932 2226 3987 der
2266 3932 2614 4003 „Ordnung“.

821 4021 865 4090 ²)
903 4023 969 4076 In
1017 4022 1112 4076 der
1163 4021 1509 4092 „Ordnung“:
1570 4022 1839 4089 „Giintors
1894 4021 2096 4075 knecht
2147 4020 2390 4092 genandt
2446 4020 2638 4076 Gastel
2691 4020 2795 4076 soll
2849 4021 2955 4076 mit

608 4112 793 4167 seinen
828 4110 1037 4166 hfilffen
1074 4110 1214 4165 nach
1251 4110 1388 4165 aller
1423 4111 1628 4181 gestalt
1665 4111 1824 4181 nogel
1863 4110 2138 4164 machen.“

820 4198 865 4257 ⁸)
902 4199 1008 4252 Die
1048 4198 1373 4268 „Ordnung“
1412 4202 1584 4253 nennt
1617 4200 1708 4253 fiir
1744 4199 1925 4253 diesen
1963 4198 2179 4253 Johann
2215 4197 2516 4253 Vlenthoff.

819 4288 865 4358 ⁴)
901 4287 1015 4341 Auf
1061 4287 1148 4342 die
1187 4288 1464 4358 Ordnung‚
1518 4287 1607 4342 die
1644 4288 1866 4342 Kleider
1920 4286 2235 4355 betreffend,
2290 4285 2500 4341 kommt
2546 4287 2730 4342 Kerss.
2765 4286 2957 4341 weiter

605 4381 776 4431 unten
810 4376 952 4431 noch
991 4375 1189 4430 einmal
1228 4376 1444 4431 zurfick.
1483 4404 1551 4414 —
1606 4376 1652 4445 Ι’·)
1689 4374 1814 4446 vgl.
1855 4376 1991 4430 dazu
2028 4375 2167 4430 oben
2203 4373 2259 4430 S.
2296 4375 2419 4430 562.
