3259 5075
1168 260 1353 327 Anno
1406 263 1575 328 1533
1620 264 1780 328 acta.
2515 266 2641 329 401

221 449 546 512 prorsus
613 435 875 502 inutiles
937 436 1112 502 intra
1174 456 1290 503 sua
1334 438 1582 504 moenia
1625 458 1751 503 non
1814 439 2114 504 laturum.
2207 438 2369 505 Cum
2437 441 2647 505 autem

217 544 591 609 coenobia
658 545 843 610 initio
905 546 1223 611 nascentis
1270 545 1569 613 ecclesiae
1625 566 1754 613 non
1799 547 2149 614 ociosorum
2194 545 2648 630 Epicureorum

213 648 577 733 popinae,
626 670 752 716 non
784 651 1318 718 conscientiarum
1363 654 1697 737 ergastula,
1748 653 1857 719 sed
1901 652 2151 719 honesti
2180 651 2463 718 exercitii
2506 651 2646 716 offi-

213 752 498 837 cinae,
564 756 826 840 pietatis
872 760 940 823 et
983 758 1294 824 bonarum
1358 759 1692 825 literarum
1759 759 1900 825 sine
1944 758 2219 824 vinculis
2271 758 2470 823 ullius
2514 757 2648 823 voti

217 859 542 927 scholae
585 862 952 928 liberrimae
983 863 1242 946 fuerint,
1291 863 1459 929 unde
1487 864 1612 929 viri
1646 864 1817 930 docti
1855 864 1934 930 ad
1964 863 2370 931 eeclesiarum
2414 864 2646 948 guber-

219 969 536 1051 nacula,
585 969 832 1053 quoties
879 989 1039 1054 opus
1079 972 1233 1052 erat,
1282 989 1355 1035 ex
1397 971 1711 1054 locuplete
1754 971 1938 1055 quasi
1981 990 2151 1055 penu
2195 970 2645 1054 depromeban-

219 1074 408 1155 tur,
467 1077 758 1141 senatum
788 1095 1040 1161 quoque
1075 1075 1154 1141 ad
1199 1076 1392 1142 huius
1438 1076 1793 1160 primaevae
1822 1076 2119 1142 ecclesiae
2162 1075 2387 1141 faciem
2420 1076 2645 1142 deletis

223 1178 606 1246 abusuum
673 1183 889 1247 naevis
936 1182 1172 1265 omnia,
1220 1182 1465 1267 *quoad
1511 1183 1650 1248 eius
1717 1182 1858 1249 fleri
1918 1184 2136 1267 queat,
2206 1184 2645 1248 revocaturum
2670 1195 2765 1269 *μ
2804 1195 2925 1252 363.

219 1284 692 1372 scholamque
735 1288 1062 1372 publicam
1090 1289 1159 1354 in
1190 1289 1310 1354 hoc
1339 1289 1477 1355 loco
1508 1291 1884 1355 erecturum.
1944 1287 2109 1368 Quid
2157 1288 2372 1371 itaque
2416 1288 2645 1353 horum

223 1389 523 1457 fictur-i
569 1392 717 1475 sint,
765 1397 914 1477 post
955 1395 1211 1461 brevem
1256 1394 1773 1460 deliberationem
1818 1392 2252 1478 respondeant.
2331 1393 2644 1461 Guardia-

223 1515 403 1562 nus
424 1500 450 1538 ¹
495 1500 646 1582 post
689 1498 824 1564 dies
869 1502 1030 1582 octo,
1085 1500 1254 1584 quod
1299 1501 1576 1585 spatium
1624 1499 1704 1565 ad
1750 1499 2229 1566 deliberandum
2273 1498 2496 1565 datum
2539 1499 2643 1564 fu-

229 1605 440 1686 erat,
489 1603 862 1688 respondet:
933 1604 1014 1670 Se
1058 1623 1187 1670 non
1230 1624 1422 1671 novos
1490 1625 1691 1690 neque
1736 1605 2077 1672 inusitatos
2122 1604 2377 1671 vivendi
2437 1625 2642 1671 mores

233 1709 411 1774 iam
443 1710 730 1794 primum
757 1709 1218 1792 introduxisse3
1267 1729 1334 1776 se
1361 1711 1651 1796 vestigiis
1681 1711 1995 1777 maiorum
2024 1729 2283 1776 suorum
2327 1709 2641 1793 insistere,

247 1833 346 1880 ae
395 1816 540 1882 iure
584 1817 844 1901 locoque
889 1816 1026 1883 sine
1070 1816 1306 1882 iniuria
1363 1817 1626 1883 alterius
1671 1816 2001 1902 acquisitis
2048 1816 2296 1901 sibique
2340 1835 2455 1900 per
2499 1835 2642 1881 suc-

249 1922 636 1988 cessionem
679 1923 1044 1988 continuam
1079 1922 1335 1989 traditis
1366 1923 1483 2006 uti,
1532 1943 1598 1989 se
1629 1923 1766 1989 sine
1810 1921 2010 1988 ullius
2045 1921 2201 1988 civis
2245 1922 2641 1988 incommodo

259 2028 352 2094 in
381 2029 549 2094 urbe
592 2048 777 2113 agere
806 2029 1066 2113 viasque
1110 2029 1399 2113 publicas
1441 2048 1767 2113 usurpare,
1819 2048 1884 2096 se
1914 2027 2158 2094 nullius
2203 2047 2350 2112 opes
2394 2027 2640 2094 mendi-

265 2134 486 2201 cando
530 2136 835 2218 minuere,
883 2135 965 2200 ab
1010 2134 1284 2200 externis
1329 2154 1396 2200 se
1424 2134 1593 2200 vitae
1636 2134 1957 2218 praesidia
1998 2153 2312 2220 quaerere,
2358 2133 2640 2198 liberali-

271 2242 416 2306 tate
464 2259 686 2307 eorum
751 2240 1001 2307 civibus
1062 2241 1230 2307 nihil
1277 2241 1546 2307 detrahi.
1639 2241 1829 2306 Ferat
1884 2240 2147 2326 proinde
2213 2242 2468 2307 senatus
2514 2241 2640 2306 cle·

271 2349 553 2430 menter,
617 2347 784 2433 quod
828 2347 954 2414 sibi
1000 2364 1125 2412 non
1171 2347 1365 2428 obsit,
1413 2346 1581 2431 quod
1625 2346 1804 2411 civili
1862 2346 2148 2412 libertati
2190 2365 2318 2412 non
2362 2346 2635 2429 deroget.

279 2453 471 2520 Sinat
512 2454 853 2519 monachos
898 2453 1036 2519 sine
1081 2452 1325 2518 invidia
1368 2471 1480 2518 suo
1522 2470 1698 2517 more
1741 2451 1973 2536 vivere,
2037 2471 2150 2518 suo
2195 2451 2422 2517 habitu
2467 2451 2640 2517 ince-

279 2559 462 2643 dere,
539 2579 654 2626 suo
698 2560 938 2626 amictu
981 2562 1233 2645 vestiri,
1304 2561 1436 2628 suis
1480 2560 1832 2645 parietibus
1877 2564 1942 2628 et
1984 2561 2173 2627 tectis
2218 2561 2482 2644 operiri;
2553 2561 2640 2627 sit

279 2665 422 2731 illis
455 2685 574 2731 sua
601 2666 825 2733 domus
861 2669 1080 2734 tutum
1123 2667 1607 2752 receptaculum,
1656 2667 1844 2733 exilio
1886 2666 2250 2732 innocentia
2279 2685 2403 2732 non
2433 2666 2638 2731 mulc-

277 2773 484 2838 tetur.
541 2772 939 2839 Structuram
983 2772 1268 2840 coenobii
1312 2792 1447 2840 esse
1477 2772 1954 2857 amplissimam,
2002 2791 2162 2858 quae
2191 2774 2257 2837 et
2298 2772 2638 2838 monachos

275 2879 350 2943 et
394 2897 701 2963 magnum
742 2878 1202 2964 discipulorum
1260 2895 1595 2945 numerum
1640 2897 1860 2962 capere
1916 2878 2136 2962 possit.
2228 2877 2440 2943 Huius
2485 2895 2638 2943 usus

276 2983 376 3050 sit
420 2984 712 3068 utrisque
770 2986 1154 3067 communis3
1225 2985 1347 3051 hoc
1388 3003 1679 3067 munere,
1742 3004 1891 3051 cum
1934 2984 2111 3050 aliud
2157 3003 2283 3049 non
2342 2983 2636 3065 habeant,

277 3109 354 3155 se
399 3089 787 3175 reipublicae
831 3091 1195 3176 gratificari,
1245 3092 1350 3156 cui
1395 3091 1589 3156 etiam
1631 3091 1821 3176 plura
1865 3093 1930 3157 et
1972 3090 2213 3156 maiora
2245 3108 2284 3155 a
2313 3107 2379 3154 se
2423 3088 2640 3155 deberi

277 3195 674 3280 intelligant.

503 3301 684 3366 Nova
746 3302 962 3386 itaque
1008 3302 1224 3368 schola
1290 3304 1544 3368 senatus
1589 3302 1893 3387 impensis
1938 3302 2047 3368 hic
2091 3301 2377 3386 erigitur,
2448 3319 2637 3385 quam

275 3409 350 3473 et
397 3426 562 3473 novo
608 3407 861 3472 nomine
917 3407 1368 3491 evangelicam,
1440 3407 1546 3473 cui
1589 3408 1851 3473 Ioannes
1898 3407 2322 3491 Glandorpius
2343 3407 2370 3445 ²
2411 3406 2637 3489 praefi-

503 3617 550 3688 ¹)
585 3618 660 3674 Es
694 3635 808 3673 war
841 3618 1050 3673 damals
1083 3618 1209 3674 Joh.
1245 3618 1521 3690 Frydagh.

501 3706 551 3778 ¹)
588 3708 663 3762 Er
695 3723 807 3763 war
842 3724 941 3761 aus
977 3707 1223 3762 Munster
1257 3708 1533 3778 gebfirtig.
1586 3707 1769 3762 Ueber
1802 3706 1899 3761 ihn
1934 3705 2044 3777 vgl.
2086 3705 2351 3777 ¹,Allgem
2376 3704 2638 3760 deutsche

275 3795 650 3868 Biographie“
687 3796 791 3853 Bd.
829 3797 863 3851 9
903 3795 1152 3867 (Leipzig
1188 3794 1350 3864 1879)
1390 3795 1444 3850 8.
1477 3795 1658 3851 208ff.
1692 3795 1806 3850 und
1842 3794 1931 3850 die
1967 3794 2093 3849 dort
2127 3792 2452 3864 angeffihrte
2487 3792 2636 3847 Lite-

279 3889 458 3941 ratur.
529 3885 635 3940 Die
672 3884 903 3951 Quellen
957 3884 1092 3939 iiber
1143 3885 1261 3939 sein
1296 3883 1478 3939 Lebcn
1515 3884 1575 3938 in
1609 3883 1860 3939 Hfinster
1910 3899 2017 3938 von
2051 3882 2336 3953 Pfingsten
2374 3879 2516 3936 1532
2551 3881 2637 3934 bis

282 3989 412 4027 zum
445 3973 686 4028 Februar
724 3973 866 4028 1534
900 3973 1084 4028 finden
1122 3971 1239 4028 sich
1276 3971 1572 4044 sorgfaltig
1607 3970 2142 4043 zusammengestellt
2174 3971 2264 4026 bei
2301 3969 2360 4024 C.
2384 3969 2449 4025 A.
2476 3967 2635 4023 Cor·

283 4061 536 4116 nelius:
573 4061 648 4117 M.
672 4062 738 4117 A.
772 4061 856 4117 Π.
892 4061 949 4118 S.
974 4060 1152 4119 334ss
1192 4090 1259 4101 —·
1295 4062 1402 4117 Die
1439 4060 1865 4132 Zuchtordnung
1898 4060 1986 4117 Bl.
2008 4060 2112 4115 134
2148 4059 2355 4131 spricht
2378 4057 2495 4114 sich
2530 4056 2635 4112 sol-

284 4150 695 4221 gendermatsen
732 4152 869 4206 iiber
904 4150 994 4206 die
1031 4150 1229 4206 Schnle
1268 4167 1390 4206 aus:
1433 4150 1588 4218 „Dan
1624 4150 1725 4205 dar
1758 4150 1817 4205 bi
1855 4191 1868 4203 .
1890 4189 1904 4204 .
1927 4189 1942 4204 .
1979 4148 2153 4204 salstu
2190 4147 2310 4203 oick
2346 4147 2414 4202 de
2451 4145 2633 4201 schole

286 4238 581 4309 ordeninge
615 4256 938 4308 war-nemen,
994 4238 1164 4295 welke
1200 4239 1254 4295 al
1291 4239 1381 4294 hir
1414 4240 1537 4294 mit
1573 4239 1820 4309 ovinge
1868 4237 2056 4293 drier
2106 4236 2409 4308 spraken
2461 4235 2635 4290 under

283 4326 392 4381 den
417 4326 765 4396 walgelerten
799 4328 876 4385 M.
900 4328 1084 4384 Johan
1109 4327 1418 4399 Glandorpe
1453 4326 1596 4383 unde
1621 4327 1827 4383 andren
1863 4325 2105 4397 gelerten
2140 4325 2200 4380 in
2234 4324 2457 4396 hilliger
2489 4323 2636 4379 unde

2417 4416 2459 4479 2
