3259 5075
445 474 490 516 9.
519 471 638 515 Juli.

379 1847 478 1918 *μ
512 1846 637 1904 375.

416 2061 483 2102 14.
512 2056 546 2101 J
548 2057 634 2103 ull.

401 3435 480 3478 15.
508 3430 542 3475 J
544 3431 629 3477 uli·

666 278 800 345 416
1531 277 1715 344 Anno
1769 277 1938 343 1533
1983 279 2139 343 acta.

881 453 983 519 Ad
1025 454 1182 520 haec
1228 452 1717 519 Coesfeldienses
1764 454 1826 519 9.
1874 452 2031 518 Iulii
2074 452 2456 536 respondent
2472 454 2526 518 ¹:
2584 453 2662 519 Se
2706 472 2831 519 non
2877 471 3037 536 spe-

669 580 805 625 rare
849 560 1017 626 facta
1049 579 1165 625 sua
1193 559 1397 624 famae
1443 559 1520 624 de
1554 578 1620 625 se
1652 558 1808 625 foris
1856 577 2107 642 sparsae
2152 561 2583 641 consentanea,
2633 559 2743 625 sed
2786 560 3033 625 famam

666 668 853 750 longe
896 666 1197 731 maiorem
1251 658 1444 731 'factis
1490 683 1654 746 esse3
1726 664 1849 730 etsi
1894 663 2138 749 aliquid
2183 684 2222 730 a
2265 663 2648 749 quibusdam
2716 665 3031 731 schisma·

666 773 814 838 ticis
860 772 1220 838 clanculum
1279 772 1451 837 intra
1492 771 1743 837 moenia
1786 790 1902 837 sua
1946 772 2239 854 coeptum
2284 770 2510 853 fuerit,
2572 771 3035 855 magistratum

664 882 879 944 tamen
923 879 1242 944 auctorem
1275 877 1411 942 eius
1456 893 1583 942 non
1615 895 1768 942 esse.
1834 876 2052 960 Neque
2098 896 2164 942 se
2195 876 2475 942 alienum
2519 877 3033 943 concionatorem

665 985 981 1067 accivisse,
1031 1003 1221 1069 quam
1265 982 1378 1068 qui
1419 983 1549 1047 iam
1592 983 1803 1049 tribus
1848 983 1978 1049 fere
2021 982 2246 1049 lustris
2293 983 2706 1048 concionandi
2750 983 2923 1067 apud
2955 1001 3037 1048 se

664 1109 924 1157 munere
969 1090 1056 1156 sit
1084 1089 1342 1154 functus
1362 1089 1404 1172 ²,
1451 1088 1560 1154 cui
1604 1088 1799 1154 etiam
1830 1089 1992 1154 serio
2038 1088 2490 1173 praeceperint,
2537 1108 2617 1155 ne
2647 1107 2839 1174 quam
2869 1087 3031 1154 doc-

663 1197 919 1280 trinam,
968 1195 1138 1260 unde
1184 1195 1460 1260 schisma
1503 1196 1569 1261 et
1616 1194 1955 1260 dissidium
2007 1195 2320 1278 nascatur,
2370 1197 2556 1261 serat.
2649 1195 2727 1260 Se
2773 1214 3036 1280 quoque

666 1321 810 1368 suos
856 1303 1024 1367 cives
1055 1301 1454 1383 coercituros,
1502 1319 1581 1366 ne
1612 1299 1786 1385 quid,
1835 1300 2002 1385 quod
2048 1300 2430 1367 christianae
2476 1300 2790 1385 religioni,
2840 1300 3039 1366 civili

665 1406 1031 1474 concordiae
1076 1408 1142 1472 et
1186 1405 1460 1487 receptis
1527 1405 1916 1490 templorum
1983 1406 2352 1472 ceremoniis
2400 1425 2473 1471 ac
2517 1406 2751 1472 ritibus
2796 1406 3035 1472 adver-

664 1517 858 1597 setur,
906 1513 1386 1597 amplectantur.
1452 1511 1520 1578 Si
1551 1531 1699 1577 vero
1731 1511 1866 1577 ulla
1894 1512 2148 1578 novatio
2193 1512 2540 1596 irrepserit,
2589 1532 2655 1578 se
2686 1531 2826 1579 eam
2868 1532 3035 1597 pro·

663 1620 840 1685 tinus
907 1637 1297 1703 repressuros
1358 1637 1560 1703 neque
1607 1637 1674 1684 se
1718 1618 1901 1684 datae
1945 1616 2095 1683 fidei
2156 1637 2359 1703 neque
2403 1619 2695 1703 praestiti
2753 1618 3032 1685 iurisiu-

662 1725 848 1791 randi
893 1724 1267 1809 religionem
1313 1742 1592 1809 unquam
1640 1723 2036 1807 neglecturos
2085 1725 2199 1789 aut
2240 1724 2604 1790 violaturos.

875 1828 1077 1897 *Cum
1110 1833 1325 1895 autem
1353 1829 1523 1896 fama
1550 1829 1628 1895 de
1661 1829 2219 1896 Coesfeldiensium
2264 1831 2597 1897 novatione
2642 1829 3033 1896 iamdudum

664 1956 878 2021 sparsa
924 1957 1051 2003 non
1095 1937 1539 2002 extenuaretur
1582 1954 1786 2020 neque
1832 1935 2074 2019 sileret,
2144 1935 2440 2020 princeps
2485 1935 2564 2001 ad
2609 1934 2858 2001 eosdem
2908 1937 3029 2001 14.

662 2043 817 2108 Iulii
864 2043 956 2109 sic
1018 2042 1245 2108 scribit
1261 2043 1314 2107 ⁸:
1385 2041 1463 2108 Se
1509 2060 1791 2125 sperasse
1835 2041 2328 2108 Coesfeldienses
2391 2041 2821 2126 superioribus
2879 2039 3035 2107 suis

660 2148 919 2232 scriptis
952 2150 1018 2214 et
1059 2148 1367 2230 pollicitis
1413 2147 1847 2214 satisfacturos
1878 2147 2075 2214 fuisse
2107 2167 2179 2214 ac
2210 2148 2586 2231 petitionem
2631 2166 2811 2213 suam
2842 2146 3032 2231 apud

659 2252 831 2336 ipsos
876 2253 1123 2336 pondus
1170 2252 1428 2336 aliquod
1472 2253 1788 2319 habuisse.
1851 2254 2092 2319 Verum
2138 2273 2204 2320 se
2248 2272 2420 2320 nunc
2462 2253 2795 2319 manifeste
2840 2272 3031 2318 com-

660 2359 853 2442 periri
900 2358 1252 2443 pollicitam
1294 2358 1487 2424 fidem
1517 2359 1596 2423 ab
1635 2358 1795 2442 ipsis
1826 2359 2126 2425 violatam
2157 2378 2310 2443 esse,
2359 2378 2508 2425 cum
2550 2359 2830 2424 insuetas
2861 2378 3026 2424 can-

660 2465 866 2529 tiones
911 2463 1277 2530 vernaculas
1320 2464 1390 2529 in
1435 2465 1675 2548 templo
1722 2465 2058 2531 cantillent
2110 2465 2388 2551 aliasque
2433 2464 2797 2530 novationes
2841 2483 3032 2530 cere-

660 2571 1017 2636 moniarum
1085 2570 1509 2636 introducant.
1603 2571 1682 2636 Se
1727 2572 1992 2655 proinde
2036 2572 2207 2656 ipsos
2254 2572 2492 2638 iterum
2536 2571 2886 2654 admonere,
2932 2572 3034 2637 ut

660 2675 1051 2742 obedientiae
1096 2695 1401 2742 memores
1433 2676 1935 2743 concionatorem
1979 2677 2333 2761 repudient.
2392 2677 2460 2743 Si
2492 2696 2637 2742 vero
2666 2676 2832 2743 illud
2862 2696 3029 2742 cum

658 2783 824 2848 bona
880 2800 1035 2865 pace
1079 2781 1411 2864 impetrari
1453 2800 1579 2847 non
1641 2782 1862 2865 possit,
1912 2801 1977 2848 se
2023 2783 2094 2848 in
2138 2782 2489 2867 imperialis
2534 2782 2727 2849 edicti
2771 2802 2842 2848 ac
2886 2801 3028 2866 pu-

657 2888 862 2953 blicae
906 2887 1079 2971 pacis
1137 2885 1407 2953 tutelam
1451 2888 1515 2952 et
1559 2886 1986 2971 patrocinium
2030 2888 2109 2953 ad
2154 2887 2283 2954 alia
2325 2887 2603 2953 remedia
2659 2888 3027 2955 necessario

656 2993 1153 3078 confugiturum.

872 3099 1111 3165 Scribit
1155 3099 1347 3164 etiam
1378 3097 1595 3164 eodem
1639 3101 1923 3182 tempore
1967 3098 2048 3164 ad
2093 3100 2475 3166 monachum
2520 3100 2835 3185 quendam
2877 3103 3026 3167 ter-

657 3205 1000 3271 minarium
1059 3206 1300 3271 ibidem
1316 3207 1362 3287 ⁴,
1434 3205 1547 3289 qui
1591 3202 1663 3269 in
1707 3204 2133 3288 suspicionem
2200 3207 2555 3272 novationis
2614 3207 2784 3291 apud
2828 3209 3023 3290 prin-

658 3311 861 3394 cipem
907 3309 1216 3376 adductus
1264 3309 1489 3392 fuerat,
1538 3312 1615 3375 ut
1660 3329 1726 3376 se
1756 3311 2165 3376 concionibus
2210 3311 2292 3377 ad
2328 3314 2579 3396 tempus
2626 3313 2941 3380 abstineat
2957 3316 3017 3380 ὅ.

658 3416 1004 3482 Monachus
1048 3416 1161 3482 ille
1204 3436 1319 3500 per
1361 3416 1580 3482 literas
1634 3417 1732 3482 15.
1760 3416 1922 3486 Iulii
1967 3416 2225 3483 emissas
2270 3418 2547 3502 principi
2592 3419 2727 3503 agit
2769 3420 3025 3504 gratias

657 3540 850 3606 quam
916 3521 1240 3605 maximas,
1287 3521 1455 3607 quod
1502 3541 1568 3587 se
1613 3522 2063 3588 molestissimo
2129 3523 2542 3589 concionandi
2588 3545 2790 3609 onere,
2839 3525 3021 3611 quod

658 3630 911 3694 senatus
958 3628 1084 3694 sibi
1129 3628 1522 3712 imposuerit,
1570 3628 1802 3695 liberet
1817 3629 1861 3694 ⁸.

869 3838 914 3909 ¹)
952 3838 1103 3910 Orig.
1129 3840 1205 3895 im
1231 3839 1404 3897 St-A.
1422 3839 1498 3896 Μ.
1535 3868 1604 3880 -
1645 3838 1690 3910 ¹)
1726 3839 1798 3895 Es
1822 3856 1934 3896 war
1958 3840 2055 3896 der
2078 3841 2448 3897 Terminarius
2482 3842 2703 3898 Johann
2724 3859 2776 3899 v.
2799 3841 3014 3899 Hunse.

655 3956 722 3967 —
763 3926 809 3993 ⁸)
845 3926 960 3983 Aus
994 3928 1249 3985 Diilmen.
1309 3928 1561 4000 Konzept
1593 3929 1672 3983 im
1708 3928 1880 3985 St-A.
1915 3929 1992 3985 Μ.
2030 3959 2098 3969 -
2136 3929 2181 4000 ⁴)
2217 3929 2470 4002 Konzept
2504 3931 2600 3987 des
2635 3931 2847 3988 Bricfes
2881 3949 3011 3988 vom

656 4015 740 4070 14.
776 4015 896 4072 Jnli
933 4032 1032 4071 aus
1065 4016 1304 4071 Diilmen
1340 4033 1410 4071 an
1447 4016 1668 4071 Johann
1700 4033 1751 4073 v.
1787 4015 1976 4072 Hunse
2010 4019 2088 4073 im
2124 4017 2296 4075 St-A.
2332 4019 2409 4076 Μ.
2446 4048 2516 4059 -
2552 4019 2599 4090 ⁸)
2634 4020 2749 4075 Der
2781 4020 3026 4076 Bischos

652 4103 781 4173 fugi:
813 4103 1007 4160 hinzn:
1050 4104 1182 4173 „dar
1204 4104 1360 4160 mede
1383 4105 1710 4176 wyderonge
1744 4105 1857 4159 und
1892 4105 2236 4177 twispaldige
2265 4123 2573 4179 meynunge
2605 4108 2678 4179 by
2705 4109 2810 4163 den
2832 4125 3010 4164 unsen

650 4208 758 4247 van
783 4191 1013 4248 Coisfelt
1035 4192 1258 4247 verhoet
1292 4193 1404 4247 und
1429 4192 1589 4264 gude,
1626 4191 1941 4247 christliche
1978 4193 2253 4264 eynicheit
2274 4195 2387 4249 und
2410 4196 2597 4252 froddo
2632 4195 3010 4252 underholden

649 4280 862 4351 blyve.“
919 4307 987 4319 —
1045 4281 1089 4350 ⁶)
1127 4280 1278 4352 Orig.
1314 4282 1391 4335 im
1428 4281 1600 4337 Sa-A.
1637 4282 1712 4337 Μ.
1783 4281 2135 4364 ᾼΒςθᾶηιοὶΐ,
2175 4284 2264 4338 bei
2301 4283 2355 4339 J.
2391 4284 2517 4339 Nic
2533 4288 2697 4340 sert:
2734 4285 2894 4340 U.-B.
2929 4283 3012 4341 1¹.
