3259 5075
1151 323 1337 388 Anno
1388 322 1562 388 1534
1604 323 1764 386 acta.
2498 319 2631 385 583

500 500 559 564 8.
620 502 712 566 Ne
757 500 929 565 inter
973 499 1247 565 sinceros
1313 497 1698 582 minimeque
1752 497 1995 562 fucatos
2040 495 2406 562 Israhelitas
2452 495 2631 578 quic-

283 624 474 690 quam
504 606 826 671 manifesti
868 606 1100 690 flagitii
1146 625 1293 671 cum
1327 606 1515 670 verbo
1545 604 1667 668 Dei
1709 602 2055 688 pugnantis
2102 603 2407 667 toleretur
2435 603 2631 685 utque

282 715 711 794 transgressor
771 731 883 777 seu
941 711 1298 796 flagitiosus
1356 710 1425 775 in
1470 709 1805 775 manifesto
1874 708 2138 782 crimine
2208 707 2631 791 deprehensus

281 817 531 882 meritis
578 817 910 901 suppliciis
958 819 1291 900 plectatur,
1342 816 1699 882 Bernardus
1745 814 2355 899 Knipperdollingus
2401 812 2634 878 ensifer

284 922 553 988 eundem
613 924 856 990 ratione
902 924 1219 990 commissi
1268 923 1489 989 delicti
1545 923 1789 1007 puniet.
1884 922 1952 988 Si
1997 941 2141 988 vero
2188 921 2254 986 in
2299 919 2632 985 manifesto

284 1029 550 1095 crimine
596 1049 723 1095 non
769 1031 1292 1115 deprehendatur,
1363 1049 1553 1096 causa
1595 1031 1677 1095 ad
1726 1029 2001 1095 seniores
2053 1047 2165 1112 per
2208 1025 2634 1111 Knipperdol-

280 1136 533 1219 lingum
578 1137 902 1219 referetur‚
951 1156 1219 1220 quorum
1252 1136 1500 1202 decreto
1546 1136 1891 1221 parebitur,
1940 1137 2015 1199 ut
2059 1153 2241 1199 omne
2285 1134 2525 1199 malum
2561 1153 2635 1198 ex

280 1242 479 1307 Israel
526 1242 895 1308 eradicetur.
958 1242 1570 1326 Knipperdollingus
1616 1243 1830 1307 autem
1875 1241 1943 1306 in
1990 1240 2091 1306 sui
2135 1241 2416 1305 muneris
2462 1242 2634 1305 tute-

279 1348 412 1413 lam
458 1351 525 1414 et
568 1348 994 1414 defensionem
1038 1350 1312 1432 quatuor
1377 1347 1796 1432 stipatoribus
1854 1346 2142 1413 munitus
2188 1346 2258 1410 in
2301 1345 2635 1429 publicum

276 1454 568 1537 prodibit
593 1458 635 1520 ¹.

501 1563 559 1625 9.
624 1561 712 1626 Ut
771 1559 839 1625 in
901 1560 1062 1625 cibis
1131 1560 1651 1626 administrandis
1721 1559 2046 1642 legitimus
2117 1559 2401 1624 servetur
2459 1557 2630 1640 orde,

280 1665 585 1749 praefecti
631 1666 767 1731 eius
815 1666 906 1731 rei
954 1665 1151 1732 officii
1212 1666 1314 1731 sui
1357 1685 1663 1732 memores
1733 1665 2016 1731 eiusdem
2084 1664 2329 1748 generis
2395 1663 2637 1729 fercula

282 1773 416 1857 (uti
462 1772 766 1838 hactenus
812 1772 953 1838 fieri
999 1773 1355 1858 consuevit)
1427 1773 1699 1858 singulis
1746 1772 1969 1837 diebus
2033 1771 2339 1837 fratribus
2403 1770 2635 1835 sorori-

280 1880 527 1960 busque
572 1880 643 1943 in
672 1878 1011 1944 disiunctis
1043 1880 1108 1943 et
1142 1878 1546 1963 disseparatis
1578 1877 1813 1943 mensis
1857 1877 2139 1941 modeste
2174 1877 2239 1941 et
2283 1895 2430 1941 cum
2460 1875 2635 1941 omni

280 1985 662 2050 verecundia
728 1985 1093 2051 sedentibus
1137 1988 1475 2069 apponent.
1566 1985 1786 2068 Neque
1831 1983 1933 2047 illi
1977 1982 2314 2066 quicquam
2358 2001 2472 2065 pro
2519 2000 2632 2047 suo

279 2091 594 2156 arbitratu
638 2092 887 2175 praeter
916 2091 1003 2174 id,
1052 2092 1220 2175 quod
1268 2091 1626 2176 apponitur,
1677 2089 1945 2174 exigent.
2006 2089 2378 2173 (Habebant
2421 2089 2635 2154 autem

280 2199 428 2262 ante
476 2197 760 2280 singulas
827 2200 1042 2281 portas
1088 2198 1372 2283 singulas
1420 2198 1631 2280 aedes,
1694 2198 1762 2262 in
1808 2196 2040 2281 quibus
2088 2195 2216 2275 illi,
2265 2195 2377 2279 qui
2423 2194 2632 2260 muni-

279 2303 565 2369 tionibus
634 2305 963 2369 firmandis
1011 2305 1249 2370 dabant
1293 2324 1571 2389 operam,
1637 2323 1750 2369 suo
1796 2305 2076 2387 tempore
2122 2303 2517 2385 cibabantur,
2565 2300 2634 2366 in

280 2427 552 2493 quorum
595 2428 858 2475 numero
905 2412 1038 2474 tam
1082 2410 1353 2476 feminae
1398 2428 1590 2493 quam
1635 2427 1840 2473 mares
1908 2409 2178 2491 fuerant,
2228 2408 2339 2492 qui
2384 2427 2635 2474 mensae

280 2534 428 2581 cum
492 2514 744 2582 silentio
813 2516 1251 2582 accumbentes
1299 2533 1423 2582 uno
1472 2515 1683 2600 aliquo
1753 2514 1920 2582 inter
1964 2512 2277 2582 edendum
2323 2514 2391 2581 in
2435 2514 2634 2581 veteri

279 2623 658 2687 testamento
704 2622 949 2706 legente
995 2622 1212 2688 cibum
1257 2623 1646 2707 capiebant.)
1667 2624 1693 2662 ²

462 2724 490 2754 ⁴*
511 2729 605 2793 10.
655 2728 967 2793 Excubiae
1012 2728 1254 2794 interea
1298 2730 1558 2793 diurnas
1606 2731 1862 2813 agentes
1894 2729 2038 2793 aliis
2086 2728 2386 2813 digressis
2417 2728 2633 2794 cibum

281 2831 554 2916 capient,
604 2852 684 2897 ne
728 2834 987 2917 vigiliae
1031 2834 1415 2900 necessariae
1462 2835 1883 2919 negligantur.

503 2941 642 3005 11.⁸
684 2939 883 3006 Nemo
928 2942 1173 3024 praeter
1216 2939 1655 3007 Christianum
1698 2940 2161 3026 Kerckringum
2207 2961 2279 3007 ac
2324 2943 2635 3007 Herman-

279 3063 438 3110 num
486 3045 904 3129 Redekerum‚
976 3047 1322 3130 praefectos
1390 3047 1791 3132 piscationiS‚
1861 3047 2241 3132 illorumque
2309 3047 2632 3113 ministros

277 3150 575 3235 piscabit,
624 3153 735 3235 qui
773 3152 968 3217 etiam
1010 3152 1215 3236 pisces
1260 3173 1374 3238 pro
1406 3155 1777 3220 necessitate
1825 3154 2297 3238 aegrotantibus
2343 3156 2409 3219 et
2453 3172 2634 3236 prae-

278 3257 625 3341 gnantibus
671 3277 798 3322 non
846 3258 1183 3341 negabunt.

497 3503 540 3572 ¹)
575 3503 762 3574 Vergl.
801 3503 937 3559 dazu
987 3506 1126 3560 oben
1182 3505 1237 3561 S.
1275 3506 1398 3575 574,
1453 3523 1533 3560 wo
1570 3506 1753 3560 KersS.
1792 3505 1932 3560 auch
1986 3505 2075 3560 die
2120 3506 2333 3561 Namen
2388 3506 2484 3560 der
2518 3506 2634 3561 vier

275 3590 483 3645 Diener
518 3597 737 3649 nannte.

494 3676 538 3747 ²)
575 3680 768 3735 Dieser
803 3681 931 3736 Satz
969 3683 1046 3736 ist
1081 3683 1139 3736 in
1177 3682 1273 3737 der
1312 3682 1638 3754 „Ordnung“
1682 3700 1784 3737 von
1821 3682 1925 3738 den
1950 3683 2340 3753 Verffigungen
2378 3683 2475 3738 der
2503 3681 2630 3737 Ael-

276 3770 458 3822 testen
496 3772 754 3838 geu-eunt
787 3771 899 3824 und
936 3772 1010 3826 ist
1045 3775 1208 3826 unter
1244 3772 1331 3827 die
1369 3774 1650 3842 sonstigen
1684 3772 1939 3827 Berichte
1976 3773 2111 3826 iiber
2144 3772 2233 3826 die
2257 3772 2632 3829 Verbaltnisse

275 3855 334 3910 in
385 3855 634 3912 Miinster
688 3859 1008 3930 eingereiht.
1080 3860 1458 3931 Hinzugeffigt
1509 3862 1586 3915 ist
1638 3861 1801 3915 noch:
1846 3861 2007 3928 „Was
2061 3878 2185 3915 man
2239 3862 2296 3915 in
2351 3860 2630 3930 ffirsetzet,

275 3946 496 3999 miissen
533 3962 596 4016 sy
634 3963 787 4002 essen
825 3948 937 4002 und
974 3947 1221 4003 trincken
1276 3948 1472 4004 sonder
1506 3965 1742 4004 mur-ren.
1814 3949 1942 4004 Wer
1977 3950 2066 4004 ein
2102 3948 2251 4004 loffel
2285 3948 2399 4003 will
2435 3949 2630 4018 haben,

277 4032 377 4089 der
411 4035 554 4090 muts
589 4037 650 4091 in
685 4038 789 4092 mit
823 4039 900 4092 im
937 4039 1184 4109 pringen.
1260 4038 1515 4093 Wolcher
1568 4055 1684 4092 mer
1718 4038 1870 4093 brots
1925 4037 2216 4108 schneydt,
2271 4037 2379 4091 dan
2416 4054 2475 4091 er
2509 4038 2628 4107 isst,

277 4121 376 4177 der
409 4124 536 4178 virt
569 4125 773 4181 berufl't
806 4126 895 4180 fiir
931 4126 1020 4181 die
1048 4126 1344 4183 Eltesten.“
1384 4126 1511 4197 Vgl.
1537 4126 1676 4181 auch
1714 4125 1862 4181 Joh.
1898 4126 2250 4180 Fabricius
2286 4124 2629 4180 Bolandus

274 4210 364 4266 131.
389 4211 447 4265 N
462 4211 526 4266 4*
560 4214 672 4269 und
709 4214 769 4271 L.
797 4214 1233 4270 Hortensius
1270 4216 1325 4271 S.
1352 4216 1424 4271 20
1438 4216 1478 4270 f.
1533 4216 1714 4270 Ueber
1749 4215 1838 4269 die
1875 4216 2275 4284 gemeinsamen
2298 4214 2629 4270 Mahlzeiten

275 4318 321 4356 s.
359 4300 500 4355 auch
534 4301 604 4358 H.
644 4302 996 4358 Gresbeck
1039 4303 1095 4358 S.
1131 4304 1260 4360 341.

491 4388 538 4457 ⁸)
575 4390 741 4446 Fehlt
775 4392 833 4445 in
870 4390 966 4447 der
1005 4391 1356 4464 „Ordnung“.

2660 2746 2758 2820 -ρ,
2793 2747 2921 2805 491.
