3259 5075
386 2475 457 2518 ιδ.
485 2472 646 2529 April.

675 265 808 330 930
1536 262 1721 328 Anno
1777 263 1943 328 1553
1990 263 2148 327 acta.

888 441 1059 505 Dum
1088 440 1242 504 haec
1278 441 1572 523 aguntur,
1601 439 1895 519 ,illustris
1925 438 2265 523 Philippus
2299 441 2586 522 Magnus,
2629 437 2762 502 dux
2791 438 3061 502 Bruns-

673 547 989 629 wicensis,
1062 545 1324 611 Henrici
1390 547 1591 628 filius,
1660 545 2003 611 exercitum
2070 546 2417 611 conscribit
2460 548 2524 611 et
2565 548 2823 628 praeter
2890 547 3056 610 alias

674 654 960 738 regiones
1029 651 1366 717 dioecesim
1420 653 1967 735 osnaburgensem
2028 671 2100 716 ac
2159 653 2716 719 Monasteriensem
2787 653 3056 718 invadit

675 760 1007 844 omniaque
1053 759 1120 823 in
1166 756 1462 842 praedam
1507 757 1705 822 vertit
1722 760 1763 823 ¹.
1857 756 2061 823 Causa
2106 759 2259 823 belli
2305 759 2448 839 fuit,
2505 759 2674 842 quod
2722 757 2886 822 duci
2939 759 3052 823 Sa·

674 866 893 932 xoniae
940 867 1005 930 et
1049 865 1248 929 Hesso
1294 865 1539 947 patrem
1571 881 1761 929 suum
1791 864 2136 929 Henricum
2177 867 2419 930 armata
2448 884 2640 930 manu
2686 865 3051 948 profligan-

674 973 850 1038 tibus
898 991 968 1037 ac
1016 990 1221 1035 arcem
1266 970 1783 1036 Wulffenbuttell
1852 970 2289 1036 obsidentibus
2359 971 2600 1055 pedites
2661 971 3049 1054 equitesque

675 1081 864 1162 atque
909 1077 1283 1142 bombardas
1330 1076 1551 1141 auxilii
1598 1095 1788 1141 causa
1833 1077 2161 1159 episcopus
2210 1079 2422 1142 noster
2460 1077 2719 1141 miserat
2739 1079 2792 1158 ²3
2843 1097 3048 1161 quare

677 1203 860 1266 saepe
906 1185 970 1248 et
1016 1183 1272 1265 scriptis
1320 1185 1385 1248 et
1430 1183 1574 1247 viva
1617 1202 1767 1249 voce
1813 1203 1925 1266 per
1971 1184 2202 1249 amicos
2262 1184 2649 1265 admonituS,
2713 1185 2794 1248 ut
2838 1183 3046 1248 huius

674 1290 829 1356 facti
874 1290 1127 1355 nomine
1185 1308 1329 1353 cum
1376 1288 1841 1354 Brunswicensi
1898 1291 2237 1374 transigat,
2301 1289 2539 1373 alioqui
2582 1292 2913 1371 futurum,
2971 1291 3046 1354 ut

677 1397 870 1461 armis
918 1396 1161 1461 subditi
1207 1397 1666 1478 opprimantur,
1736 1395 2089 1478 spolientur
2134 1400 2198 1461 et
2240 1397 2490 1461 miseris
2538 1395 2740 1460 modis
2790 1397 3045 1461 excuti-

676 1504 886 1568 antur.
955 1502 1069 1567 Sed
1107 1521 1321 1567 omnes
1354 1494 1813 1566 admonitiones
1860 1503 2261 1586 suggestione
2293 1505 2357 1567 et
2389 1520 2582 1566 suasu
2611 1502 3040 1585 quorundam,

675 1628 832 1692 quos
876 1608 1133 1674 honoris
1180 1627 1368 1673 causa
1410 1609 1748 1691 praetereo,
1819 1608 1889 1672 in
1935 1612 2152 1673 ventos
2199 1609 2497 1690 excussit,
2567 1607 2763 1672 donec
2808 1607 3042 1673 literae

674 1714 1081 1779 manifestum
1127 1713 1370 1778 bellum
1416 1714 1866 1780 denunciantes
1923 1714 2337 1780 adferrentur.
2431 1714 2766 1797 Philippus
2817 1714 3040 1797 itaque

675 1822 947 1906 Magnus
993 1841 1139 1886 cum
1184 1821 1462 1886 exercitu
1492 1821 1823 1905 Visurgim
1867 1823 2295 1905 transgressus
2324 1821 2662 1904 Lippiacos
2708 1820 2869 1885 fines
2908 1839 3038 1885 non

677 1928 812 1994 sine
843 1928 1022 2013 gravi
1067 1926 1462 1993 incommodo
1501 1926 1735 1992 transit
1779 1930 1968 2010 atque
2012 1928 2082 1991 in
2114 1926 2449 1991 dioecesim
2480 1925 3041 2009 osnaburgensem

675 2034 989 2117 impetum
1034 2033 1206 2098 facit.
1286 2032 1784 2116 christophorus
1830 2052 1868 2097 a
1911 2032 2298 2115 Fritzburgh
2314 2033 2359 2113 ⁸,
2408 2031 2586 2097 ducis
2632 2031 2915 2115 legatus,
2967 2052 3042 2096 ac

676 2139 940 2205 Ioannes
987 2159 1025 2204 a
1070 2139 1641 2219 Mounickhausen,
1711 2139 2013 2222 magister
2058 2136 2373 2221 equitum,
2440 2155 2585 2202 cum
2631 2138 2812 2220 parte
2858 2156 3040 2201 exer-

677 2246 844 2311 citus
890 2265 1116 2330 magno
1163 2265 1233 2312 eo
1280 2246 1383 2311 die
1429 2245 1657 2310 itinere
1704 2244 1983 2311 confecto
2029 2244 2359 2327 Iburgum,
2407 2243 2519 2308 ubi
2566 2242 2741 2309 sedes
2789 2243 3039 2327 episco-

678 2352 841 2435 palis
887 2351 1031 2434 fuit,
1080 2352 1402 2418 celerrime
1447 2351 1871 2432 contendunt3
1918 2351 2082 2416 hanc
2123 2370 2332 2415 arcem
2378 2367 2524 2414 cum
2570 2349 2876 2433 oppidulo
2935 2350 3036 2415 15.

676 2457 937 2542 Aprilis,
984 2477 1144 2543 quae
1188 2459 1316 2525 fuit
1361 2459 1462 2524 die
1509 2458 1768 2524 Saturni
1813 2462 1959 2542 post
2003 2458 2386 2523 dominicam
2424 2455 3034 2540 Quasimodogeniti,

676 2566 884 2649 primo
930 2564 1177 2650 impetu
1223 2568 1341 2631 sub
1387 2568 1637 2631 noctem
1682 2566 1945 2648 capiunt
1988 2567 2309 2647 sperantes
2357 2583 2422 2629 se
2460 2563 2818 2646 principem
2864 2581 3036 2628 asse-

677 2674 953 2739 cuturos
1025 2673 1114 2738 At
1157 2672 1269 2738 1116
1300 2691 1527 2738 manus
1570 2671 1835 2737 hostiles
1882 2670 1987 2736 vix
2018 2671 2267 2754 elapsus
2314 2668 2829 2735 Monasteriensis
2875 2667 3036 2733 civi-

677 2777 831 2844 tatis
876 2779 1220 2845 munitioni
1262 2780 1567 2863 tanquam
1609 2777 1837 2844 tutiori
1883 2777 2056 2861 ason
2104 2796 2237 2842 sese
2270 2776 2670 2842 commiserat
2686 2776 2733 2840 ⁴.
2802 2774 3038 2838 Arcem

894 3009 936 3077 ¹)
972 3008 1127 3064 Auch
1163 3009 1251 3064 die
1281 3009 1482 3076 „Korte
1519 3009 1859 3080 antekunge“
1899 3007 2126 3063 beriihrt
2149 3007 2334 3062 diesen
2357 3006 2666 3076 Kriegszug
2700 3003 2797 3058 der
2823 3003 3038 3057 Braun-

628 3163 631 3166 Α
672 3095 987 3167 6611161361,
1026 3097 1156 3152 aber
1191 3114 1296 3152 11111·
1330 3098 1480 3153 kurz.
1551 3097 1655 3152 Am
1692 3095 2152 3152 ausffihrlichsten
2196 3097 2273 3151 ist
2309 3112 2368 3150 er
2401 3095 2459 3149 in
2497 3093 2602 3148 den
2641 3091 2874 3159 Quellen
2908 3091 3038 3145 dar-

674 3184 902 3254 gestellt
954 3202 1058 3239 von
1093 3187 1162 3242 D.
1200 3186 1375 3241 Lilie
1427 3186 1481 3242 S.
1518 3186 1623 3240 297
1644 3185 1720 3254 ff„
1776 3186 1882 3240 mit
1915 3184 2038 3238 dem
2093 3185 2274 3240 Kerss.
2313 3186 2372 3238 in
2410 3182 2506 3237 der
2539 3180 2901 3250 Darstellung
2937 3180 3040 3235 der

672 3273 1063 3343 Hauptsachen
1116 3291 1295 3342 3611611
1332 3275 1782 3329 iibereinstimmt.
1855 3272 1982 3343 Vgl.
2021 3271 2162 3327 auch
2199 3271 2289 3325 die
2342 3269 2718 3325 Mfinstersche
2755 3267 3039 3323 Bischofs-

670 3361 900 3417 chronik
938 3362 1034 3429 (M,
1072 3362 1230 3429 (ἔκ-Ω.
1266 3362 1315 3431 1,
1348 3363 1451 3416 341
1471 3362 1571 3431 ss),
1609 3362 1699 3416 die
1735 3362 1868 3416 aber
1902 3360 2022 3415 hier
2055 3360 2212 3415 nicht
2245 3360 2482 3430 Vorlage
2520 3357 2747 3413 Keras.'s
2784 3373 3040 3428 gewesen

670 3451 766 3505 ist.
826 3451 934 3505 Zur
969 3450 1142 3505 866116
1178 3451 1286 3521 vgl.
1324 3450 1395 3506 H.
1431 3450 1496 3506 A.
1532 3449 1825 3505 Erhard:
1867 3448 2194 3504 Geschichte
2232 3449 2506 3503 Miinsters
2553 3446 2826 3516 (1111116161-
2871 3444 3036 3514 1837)

671 3538 731 3594 S.
758 3539 861 3593 377
882 3540 939 3608 t,
980 3538 1041 3593 Ο.
1068 3539 1104 3594 S
1123 3542 1240 3594 tiiv
1257 3556 1309 3594 e:
1347 3539 1452 3594 Die
1478 3538 1894 3608 Streitigkeiten
1920 3538 2014 3592 des
2039 3537 2290 3592 Bischofs
2316 3537 2491 3591 Franz
2516 3553 2620 3590 von
2646 3534 2904 3590 Waldeck
2927 3534 3042 3589 mit

674 3624 891 3696 Herzog
925 3627 1186 3682 Heinrich
1222 3627 1274 3683 d.
1312 3627 1591 3699 Jiingeren
1645 3643 1700 3682 u.
1739 3626 1843 3681 den
1896 3625 2213 3681 Gebriidern
2249 3643 2352 3680 von
2388 3623 2553 3679 Halle
2607 3625 2688 3691 (in
2723 3623 2829 3677 den
2869 3622 3039 3690 „mt-

670 3713 996 3787 theilungen
1030 3716 1127 3771 des
1162 3716 1353 3771 histor.
1389 3716 1618 3772 Vereins
1658 3732 1724 3770 zu
1762 3714 2111 3769 Osnabriick“
2160 3718 2205 3770 1.
2242 3713 2276 3767 J
2280 3713 2435 3783 61113.
2487 3711 2826 3783 [Osnabriick
2870 3709 3038 3781 1848]

670 3802 735 3859 S.
771 3804 870 3858 135
889 3803 971 3873 ff.)
1023 3804 1139 3858 und
1175 3804 1234 3860 C.
1275 3805 1515 3860 Stiive:
1557 3803 1751 3859 Gesch.
1788 3803 1842 3858 d.
1877 3802 2187 3858 Hochstifts
2224 3801 2560 3871 Osnabrfick,
2597 3800 2758 3855 'Pheil
2792 3800 2827 3855 2
2866 3798 3042 3866 (Jena

678 3892 840 3960 1872)
880 3894 936 3949 S.
965 3894 1067 3949 133
1084 3894 1141 3950 ff.
1179 3923 1248 3934 —
1281 3893 1649 3949 Beschrieben
1683 3892 1808 3949 sind
1843 3892 1933 3947 die
1968 3891 2371 3961 kriegerischen
2407 3888 2891 3959 Verwickelungen
2925 3905 3042 3943 von

670 3981 859 4038 Keras.
895 3982 1036 4038 611611
1071 3984 1130 4038 111
1166 3984 1371 4038 seinem
1411 3981 1742 4054 „Catalogus
1780 3983 2153 4052 episcoporum
2189 3980 2457 4036 Monast.“

892 4069 937 4140 ¹)
973 4071 1061 4126 Im
1094 4071 1263 4126 Jahre
1307 4072 1456 4127 1542.
1529 4070 1691 4126 Siehe
1744 4071 1814 4125 D.
1852 4069 2041 4125 Lilie
2095 4068 2151 4125 S.
2188 4069 2291 4123 271
2350 4067 2464 4122 und
2499 4068 2588 4122 die
2624 4066 2750 4121 dort
2799 4065 2961 4120 Amn-
3001 4065 3040 4119 2

668 4175 781 4213 *von
814 4159 913 4215 Fr.
949 4160 1194 4231 Runge
1229 4160 1555 4231 angeffihrte
1590 4160 1889 4215 Literatur.

891 4247 937 4317 ⁸)
973 4248 1270 4320 Clu-iatoph
1292 4266 1397 4304 von
1422 4248 1716 4320 Wrisberg.
1754 4277 1823 4288 —
1861 4248 1906 4317 ⁴)
1942 4247 2104 4302 Nach
2136 4247 2206 4302 D.
2232 4245 2423 4301 Lilia
2459 4244 2514 4301 8.
2539 4244 2648 4299 298
2680 4259 2795 4298 war
2817 4241 2916 4296 der
2935 4240 3042 4295 Bi·

666 4335 832 4391 661101
868 4337 1005 4406 ¹,den
1029 4354 1254 4409 morgen
1277 4340 1336 4393 10
1360 4354 1536 4408 1163611
1559 4337 1734 4392 urhen
1757 4354 1832 4392 116
1853 4336 2102 4391 Munster
2124 4334 2410 4406 getogenf‘
2462 4330 2624 4388 Naeh
2647 4331 2723 4386 M.
2747 4327 3042 4385 36611611
