3259 5075
563 285 696 353 488
1428 284 1609 350 Anno
1664 286 1835 350 1534
1880 286 2037 350 acta.

563 483 679 547 per
724 463 978 528 lictores
1011 462 1177 528 cives
1213 482 1334 527 non
1375 461 1678 528 retinetos
1725 464 1854 527 tam
1887 460 2276 545 evangelicos
2308 479 2497 544 quam
2527 458 2865 524 catholicos
2885 461 2907 498 ¹

563 570 802 655 pariter
847 570 926 634 ad
973 569 1405 634 coemiterium
1443 568 2013 649 Transfluvianum,
2063 567 2224 651 quod
2259 565 2473 649 Alpha
2516 564 2906 650 praeterluit,

564 678 923 742 convocant.
1018 676 1354 757 Praerepto
1423 674 1592 739 enim
1643 693 1680 738 a
1723 671 2010 737 retinetis
2078 672 2210 737 foro
2280 670 2664 736 commodior
2731 670 2908 735 urbis

561 783 737 848 locus
794 781 1026 848 nostris
1074 801 1196 846 non
1242 780 1370 847 fuit
1415 780 1513 845 vel
1561 780 1639 844 ad
1685 778 2109 862 repellendam
2153 778 2285 842 vim
2330 776 2430 842 vel
2475 777 2556 842 ad
2601 776 2909 842 tuendum

565 907 715 953 sese.
793 888 1011 953 Nostri
1057 886 1272 971 itaque
1318 886 1528 952 subito
1575 887 1755 951 tanta
1801 885 1981 968 copia
2025 884 2254 949 armati
2301 884 2646 964 confluunt,
2695 883 2769 948 ut
2814 881 2907 947 fo-

562 1014 806 1059 rensem
874 994 1052 1058 illam
1097 994 1353 1058 turbam
1399 994 1463 1057 et
1508 1011 1769 1057 numero
1817 993 1881 1056 ct
1926 993 2311 1056 armatorum
2377 988 2659 1072 potentia
2725 987 2907 1053 facile

563 1102 931 1183 superarent
949 1101 991 1165 ¹.
1051 1099 1322 1180 Quidam
1367 1101 1580 1164 tamen
1624 1098 1900 1178 illorum,
1951 1096 2061 1180 qui
2108 1096 2286 1160 aedes
2321 1115 2464 1161 suas
2510 1097 2768 1178 propter
2809 1113 2907 1158 re-

560 1205 905 1270 tinctorum
938 1205 1329 1270 vicinitatem
1377 1203 1603 1269 armati
1649 1223 1774 1268 non
1806 1202 2108 1268 auderent
2155 1202 2385 1286 egredi,
2435 1221 2610 1267 arma
2654 1220 2769 1265 sua
2797 1220 2910 1283 per

560 1310 829 1377 famulas
888 1312 1246 1395 praelongis
1291 1311 1575 1376 vestibus
1637 1311 1808 1375 tecta
1852 1310 1929 1375 ad
1977 1309 2410 1375 coemiterium
2456 1307 2684 1373 deferri
2729 1327 2907 1373 man-

560 1417 730 1500 dant,
781 1437 1049 1501 quarum
1095 1417 1400 1502 quaedam
1446 1418 1524 1482 ab
1557 1417 2055 1501 exploratoribus
2101 1416 2387 1499 proditae
2419 1417 2482 1480 et
2527 1416 2909 1497 interceptae

561 1523 639 1587 ad
701 1543 1011 1589 carcerem
1080 1526 1198 1590 sub
1258 1524 1471 1608 palum
1539 1524 2029 1590 numellarium⁸
2073 1524 2422 1607 noctivagis
2489 1521 2907 1588 nebulonibus

558 1632 852 1712 paratum
898 1630 991 1695 ita
1035 1632 1307 1695 armatae
1353 1650 1499 1695 cum
1564 1630 2072 1695 intolerabilibus
2144 1630 2439 1695 convitiis
2487 1628 2903 1694 deducuntur.

557 1735 734 1800 Inter
795 1755 949 1819 quas
1019 1736 1145 1802 fuit
1190 1736 1429 1820 Assola,
1501 1737 1891 1803 ornatissimi
1937 1740 2001 1802 et
2045 1737 2399 1803 doctissimi
2460 1734 2586 1800 viri
2653 1732 2907 1799 Ioannis

557 1841 900 1926 Weslingi,
971 1842 1428 1908 medicinarum
1474 1833 1748 1907 doctoris
1796 1843 2236 1926 expertissimi,
2307 1842 2579 1926 hospitis
2626 1841 2751 1905 mei
2812 1839 2908 1904 fa-

559 1948 750 2030 mula,
815 1969 990 2033 quae,
1056 1968 1202 2013 cum
1245 1950 1314 2014 in
1361 1949 1569 2015 forum
1615 1951 1696 2015 ab
1748 1951 2163 2034 anabaptistis
2209 1952 2530 2033 protracta
2575 1951 2640 2014 et
2684 1947 2908 2013 multis

559 2053 852 2119 convitiis
893 2055 1207 2137 exagitata
1235 2055 1478 2136 fuisset,
1527 2056 1782 2121 tandem
1813 2056 2207 2140 quorundam
2252 2055 2715 2135 intercessione,
2764 2054 2908 2138 qui-

557 2159 677 2223 bus
724 2159 1153 2242 inserviverat,
1202 2160 1356 2226 haec
1402 2162 1552 2244 sola,
1602 2162 1712 2227 sed
1759 2163 2026 2246 spoliata
2066 2163 2257 2228 armis
2306 2182 2617 2228 carcerem
2663 2161 2904 2244 effugit.

773 2282 932 2347 Cum
976 2303 1119 2348 vero
1168 2284 1441 2350 forenses
1486 2285 1746 2350 retincti
1791 2305 1856 2351 se
1893 2287 2162 2368 impares
2207 2285 2703 2352 Transfluvianis
2751 2284 2907 2348 viri-

560 2389 680 2452 bus
728 2407 859 2452 esse
901 2408 1015 2471 per
1059 2390 1474 2472 exploratores
1522 2392 1895 2474 acciperent,
1951 2393 2359 2475 improvisam
2406 2392 2471 2456 et
2515 2390 2909 2474 inopinatam

559 2494 979 2578 irruptionem
1024 2497 1374 2562 metuentes
1420 2496 1700 2580 primum
1748 2498 2050 2565 sacellum
2096 2498 2394 2564 Michaeli
2441 2517 2715 2579 sacrum,
2766 2497 2906 2562 tur-

559 2601 683 2666 rim
726 2600 1225 2684 Lambertinam,
1275 2603 1518 2668 curiam
1564 2606 1630 2670 et
1675 2624 1886 2670 omnes
1934 2606 2065 2670 foro
2113 2605 2497 2688 propinquas
2545 2602 2726 2668 aedes
2774 2605 2906 2668 tor·

558 2708 788 2773 mentis
835 2710 899 2773 et
941 2709 1295 2775 missilibus
1342 2709 1646 2793 implent3
1719 2711 1930 2794 ipsum
1975 2711 2169 2776 etiam
2213 2711 2421 2776 forum
2466 2709 2757 2790 scamni8‚
2808 2728 2907 2774 se-

558 2813 796 2879 dilibus
843 2835 877 2880 e
921 2815 1159 2899 templo
1203 2816 1610 2882 Lambertino
1657 2818 1876 2901 raptiS,
1925 2818 2112 2900 vasis,
2170 2818 2424 2898 tabulis,
2473 2816 2796 2900 lapidibus
2843 2817 2908 2880 et

555 2920 890 2987 ruderibus
938 2921 1149 2987 subito
1197 2922 1476 3007 undique
1544 2923 1860 2990 convectis
1907 2926 1972 2989 et
2015 2924 2421 3007 comportatis
2467 2924 2560 2988 ita
2603 2922 2909 2987 muniunt

555 3028 620 3092 et
663 3047 777 3110 per
820 3028 1066 3093 modica
1111 3030 1429 3094 extructae
1472 3028 1848 3094 munitionis
1895 3028 2228 3094 intervalla
2258 3028 2495 3094 crebris
2539 3028 2905 3093 bombardis

555 3132 649 3198 ita
693 3132 1129 3217 distinguunt,
1201 3137 1276 3199 ut
1319 3134 1804 3200 instructissimi
1872 3135 2178 3200 exercitus
2245 3134 2722 3219 impressionem
2779 3154 2906 3200 non

554 3238 983 3305 formidarent.
1079 3240 1298 3305 Claves
1368 3258 1614 3323 quoque
1662 3239 1944 3305 omnium
2011 3242 2337 3323 portarum
2406 3240 2585 3305 urbis
2656 3240 2905 3305 clausae

552 3343 871 3427 prioribus
917 3344 1181 3410 mutatis
1225 3344 1594 3410 custodibus
1643 3364 1793 3410 suae
1832 3344 2094 3411 factioni
2138 3346 2578 3411 custodiendas
2610 3345 2905 3411 commit-

766 3588 815 3658 ⁸)
853 3590 993 3644 Ma:
1027 3589 1128 3644 sub
1164 3590 1290 3661 palo
1326 3590 1665 3646 numellari0.

733 3820 774 3891 ¹)
815 3820 944 3888 „Als
980 3819 1048 3875 de
1085 3819 1371 3891 godtlosen
1408 3820 1506 3875 dat
1528 3838 1875 3876 vornommen
1910 3820 2173 3890 hebben,“
2214 3825 2340 3892 sagt
2374 3822 2686 3877 Rothmann
2721 3824 2781 3877 in
2807 3823 2906 3878 der

554 3909 954 3978 „Restitution“
996 3909 1269 3980 (Ausgabe
1306 3926 1411 3964 von
1434 3909 1499 3965 A.
1526 3909 1805 3964 Knaake
1841 3909 1896 3966 S.
1928 3911 2068 3980 108),
2110 3910 2351 3977 „hebben
2378 3927 2436 3965 se
2461 3911 2575 3965 siclt
2611 3912 2717 3966 mit
2750 3916 2902 3966 mon-

548 3999 712 4054 niken
749 3999 892 4053 unde
929 4015 1106 4069 papen
1160 4015 1233 4069 up
1269 3998 1606 4054 Averwaters
1644 3997 1925 4053 kerckhoff
1975 3997 2118 4053 unde
2160 3998 2227 4052 de
2264 3998 2651 4069 umliggenden
2690 4002 2902 4055 straten

546 4087 975 4144 vorsammelet.“
1017 4117 1084 4126 —
1125 4086 1169 4156 ¹)
1206 4086 1362 4142 Auch
1398 4086 1712 4141 Rothmann
1747 4086 1881 4140 lasst
1921 4085 2019 4152 „de
2056 4085 2346 4157 godtlozen
2369 4087 2474 4141 wal
2509 4104 2637 4142 veer
2659 4086 2803 4142 macl
2840 4104 2902 4143 so

548 4177 731 4231 starck
766 4194 840 4231 na
863 4176 967 4231 den
1001 4176 1268 4246 fleissche,
1306 4176 1389 4231 als
1415 4175 1482 4230 de
1506 4174 1792 4230 Christen“
1833 4176 1950 4230 sein
1988 4173 2412 4242 („Restitution“
2444 4175 2637 4232 a.a.O.
2675 4175 2729 4231 S.
2761 4176 2903 4245 109).

546 4264 698 4321 Joh.
733 4265 1112 4320 Fabricius
1148 4264 1503 4320 Bolandus
1557 4264 1645 4319 Bl.
1684 4263 1815 4317 G5v
1850 4266 2003 4332 sagt:
2065 4262 2245 4328 „Haec
2281 4264 2376 4331 (sc.
2413 4263 2531 4318 fera
2566 4265 2736 4331 secta)
2774 4263 2902 4319 aliis

547 4354 713 4425 triplo
750 4354 928 4408 minor
962 4354 1094 4409 cst.“
