3259 5075
618 258 753 323 426
1488 259 1675 323 Anno
1729 258 1899 323 1533
1946 260 2103 324 acta.

621 433 1013 498 firmioribus
1059 433 1325 498 Buschii
1370 434 1762 518 argumentis
1808 435 2154 500 debellatos
2201 438 2264 501 et
2308 435 2628 502 convictos
2660 456 2788 502 csse
2832 454 2986 500 sen-

622 539 789 605 tiens
836 560 948 623 per
976 540 1274 604 Ioannem
1307 560 1345 605 a
1366 540 1588 624 Wyck‚
1638 540 1959 607 doctorem
1989 544 2054 607 et
2087 541 2438 626 syndicum,
2484 541 2984 624 disputationem

623 645 728 711 his
775 647 984 713 verbis
1048 647 1376 730 intercipit
1395 650 1446 712 ¹:
1501 647 1810 729 „Senatus
1855 647 2049 712 huius
2096 649 2273 713 urbis
2320 667 2410 731 ca,
2473 667 2634 733 quae
2677 647 2987 727 utrinque

622 753 691 819 in
739 753 1051 837 colloquio
1098 753 1372 818 adducta
1417 756 1594 835 sunt,
1646 754 1801 819 satis
1848 754 2181 820 intellexit.
2259 754 2354 819 Ne
2400 756 2612 820 autem
2659 770 2987 818 caesareae

618 860 973 925 maiestatis
1043 859 1486 925 constitutioni
1553 860 1921 926 adversetur
1990 879 2145 925 neve
2213 879 2569 945 quenquam
2629 859 2801 924 intra
2862 875 2989 922 sua

619 966 871 1032 moenia
912 966 1014 1030 illi
1061 985 1411 1050 repugnare
1456 966 1742 1049 patiatur
1771 985 1925 1031 neve
1964 966 2213 1032 foedera
2254 967 2551 1050 pacisque
2594 966 2764 1048 leges
2810 966 2989 1028 inter

619 1072 976 1156 principem
1008 1074 1072 1138 et
1116 1072 1574 1155 rempublicam
1604 1071 2162 1137 Monasteriensem
2205 1071 2398 1137 initas
2431 1071 2665 1137 violare
2704 1069 2985 1150 dicatur,

621 1178 817 1243 edicit
863 1197 935 1242 ac
981 1178 1176 1260 iubet,
1245 1180 1319 1243 ut
1365 1177 1833 1243 concionatores
1879 1178 1959 1241 ab
2006 1177 2108 1242 his
2155 1179 2220 1242 et
2263 1178 2407 1242 aliis
2455 1178 2725 1241 duorum
2771 1192 2984 1241 sacra-

619 1287 1007 1367 mentorum,
1079 1284 1385 1367 baptismi
1443 1284 1690 1348 scilicet
1734 1303 1807 1348 ac
1853 1303 2078 1348 coenae
2124 1284 2501 1365 dominicae,
2574 1282 2861 1348 articulis
2907 1280 2986 1345 in

620 1391 1027 1457 concionibus
1093 1391 1226 1457 suis
1292 1409 1549 1473 prorsus
1611 1389 1741 1454 sibi
1801 1392 2177 1473 temperent,
2248 1390 2836 1473 paedobaptismum
2896 1386 2984 1452 ad

618 1497 995 1563 institutum
1040 1496 1337 1562 ecclesiae
1398 1496 1776 1562 inviolatum
1832 1498 2082 1561 servent
2125 1515 2326 1580 neque
2375 1515 2732 1580 quenquam
2778 1496 2856 1560 ab
2905 1513 2987 1559 ec

620 1601 1037 1669 dehortentur
1082 1603 1557 1687 deterreantque
1600 1622 1802 1687 neque
1850 1603 2199 1686 quamlibet
2242 1603 2310 1667 in
2356 1602 2679 1687 religionis
2725 1599 2985 1686 negotio

618 1710 1021 1775 novationem
1087 1711 1520 1792 introducant,
1590 1710 1720 1775 nisi
1764 1711 1944 1793 prius
1991 1710 2148 1776 alios
2194 1709 2423 1775 erroris
2491 1708 2867 1774 convincant
2913 1708 2990 1772 et

621 1836 805 1882 suam
848 1816 1202 1882 doctrinam
1248 1817 1606 1882 accuratius
1657 1817 1847 1882 verbo
1892 1816 2012 1881 Dei
2057 1816 2445 1881 confirment.
2514 1815 2583 1881 Si
2610 1834 2757 1880 vero
2803 1815 2987 1897 ipsos

619 1921 1081 2007 propositiones
1128 1942 1272 1988 suas
1318 1921 1794 2005 doctrinamque
1827 1940 2006 1987 suam
2053 1941 2374 1987 sacrarum
2418 1922 2750 1987 literarum
2795 1920 2986 1985 testi-

618 2029 852 2095 moniis
885 2029 1322 2113 comprobasse
1352 2031 1417 2094 et
1446 2029 1921 2111 imperatoriam
1953 2028 2473 2094 constitutionem
2503 2027 2750 2111 aliaque
2781 2025 2991 2109 magi-

621 2138 942 2201 stratuum
975 2136 1223 2201 decreta
1267 2135 1564 2218 pacisque
1595 2135 1792 2200 initae
1823 2134 2071 2200 foedera
2100 2153 2224 2199 non
2256 2153 2387 2199 esse
2435 2133 2738 2198 servanda
2768 2138 2985 2197 osten-

621 2240 790 2305 disse
852 2242 1106 2305 senatus
1176 2239 1689 2323 deprehenderit,
1755 2259 1818 2305 se
1863 2259 1961 2320 ea,
2012 2258 2171 2322 quae
2238 2240 2659 2305 christianum
2718 2239 2991 2303 deceant

620 2346 1090 2429 magistratum,
1153 2346 1490 2412 facturum.
1583 2346 1704 2411 Sed
1751 2347 1906 2410 dum
1951 2366 2024 2411 ea
2066 2347 2349 2411 nondum
2410 2347 2540 2411 sint
2584 2345 2868 2411 discussa
2911 2345 2986 2408 et

623 2452 957 2533 declarata,
1008 2453 1296 2517 senatum
1328 2453 1396 2517 in
1443 2452 1562 2517 hac
1592 2453 1750 2517 urbe
1784 2453 2030 2517 nullam
2075 2452 2476 2518 novationem
2519 2451 2985 2532 admissurum3

625 2561 692 2624 et
738 2559 794 2624 si
838 2558 991 2623 huic
1052 2559 1300 2624 decreto
1346 2559 1442 2625 vis
1490 2578 1528 2623 a
1571 2579 1889 2644 quoquam
1933 2560 2047 2625 fiat
2092 2563 2204 2626 aut
2271 2579 2520 2643 quoquo
2581 2558 2765 2624 modo
2810 2557 2982 2622 illud

623 2666 1082 2745 contemnatur,
1143 2664 1270 2748 ipsi
1317 2664 1784 2730 concionatores
1854 2665 2254 2745 experientur
2322 2668 2607 2731 senatum
2655 2684 2834 2747 aegre
2881 2663 2989 2729 la-

621 2771 861 2852 turum,
911 2788 1113 2853 neque
1156 2770 1328 2854 ipsos
1374 2790 1412 2835 a
1456 2790 1657 2854 poena
1699 2771 2012 2836 immunes
2059 2770 2371 2837 futur03.“

839 3000 880 3069 ι)
917 3000 1031 3054 Das
1056 3000 1332 3071 Folgende
1357 3001 1433 3055 ist
1455 3001 1866 3070 Ucbersetzung
1890 3000 1983 3055 des
2008 3000 2359 3055 Beschlusses
2385 3000 2479 3055 des
2504 3000 2690 3068 Rates,
2729 3000 2831 3053 den
2856 2999 2987 3053 der·

621 3088 773 3143 selbo
808 3090 885 3142 im
922 3089 1365 3143 Einverstandnis
1403 3091 1506 3143 mit
1542 3089 1646 3143 (1611
1673 3087 1861 3143 ΟΙ(161··
1888 3088 2000 3142 1111(1
2032 3089 2442 3144 Meisterleuten
2480 3089 2585 3143 den
2611 3088 2985 3143 Predikanten

622 3193 691 3230 zu
730 3178 997 3231 erkcnnen
1035 3179 1142 3249 gab
1202 3179 1265 3246 (s.
1307 3177 1562 3232 zeitschr.
1602 3195 1652 3232 a.
1679 3195 1728 3232 a.
1756 3177 1819 3233 O.
1859 3178 1912 3233 S.
1961 3178 2057 3231 1745
2114 3177 2225 3231 und
2262 3179 2481 3233 Herm.
2517 3177 2987 3232 Hamelmann

621 3282 674 3321 a.
694 3282 744 3320 a.
764 3265 827 3320 Ο.
866 3266 953 3320 Bl.
978 3266 1022 3320 E
1043 3268 1103 3317 ὃ*
1127 3283 1179 3321 u.
1207 3267 1251 3320 Ε
1269 3266 1345 3333 6).
1398 3266 1661 3320 Derselbe
1698 3267 1773 3320 ist
1809 3266 1948 3320 auch
1974 3267 2417 3337 wiedergegeben
2454 3267 2509 3321 in
2535 3266 2658 3320 dem
2683 3265 2984 3320 Schreiben

623 3353 721 3408 des
745 3354 913 3408 Rates
949 3372 1053 3409 von
1079 3356 1327 3410 Miinster
1360 3372 1481 3409 vom
1514 3356 1595 3410 15.
1621 3355 1760 3410 Nov.
1787 3372 1855 3409 an
1883 3355 1984 3408 den
2012 3355 2356 3425 Landgrafen
2380 3354 2603 3425 Philipp
2639 3372 2741 3408 von
2767 3354 2983 3408 Hessen

623 3442 692 3512 (s.
732 3441 791 3498 C.
816 3443 881 3497 A.
908 3442 1310 3498 Cornelius:
1347 3443 1421 3500 M.
1459 3444 1525 3499 A.
1561 3444 1640 3499 IL
1679 3444 1735 3499 S.
1773 3445 1878 3500 360
1896 3444 1979 3509 f.).
2050 3444 2205 3498 Doch
2240 3444 2422 3500 wurde
2479 3444 2657 3499 dieser
2691 3441 2989 3498 Beschluss

619 3530 779 3585 nicht
814 3547 902 3584 am
938 3531 1089 3586 Ende
1126 3531 1222 3587 der
1256 3533 1610 3603 Disputation
1647 3533 1989 3603 verkiindigt,
2028 3532 2257 3587 sondern
2294 3533 2495 3587 bereits
2532 3549 2621 3586 am
2661 3533 2708 3584 7.
2742 3531 2983 3602 August,

620 3618 707 3674 als
744 3619 832 3674 (116
868 3621 1087 3675 weitere
1121 3621 1509 3691 Besprechung
1543 3621 1645 3675 auf
1679 3621 1781 3675 den
1819 3620 2111 3691 folgenden
2149 3621 2270 3691 Tag
2305 3621 2634 3676 verschoben
2669 3618 2868 3687 παι-(16,
2906 3635 2983 3673 an

620 3707 747 3763 dem
782 3707 1093 3763 Rothmann
1131 3713 1244 3764 erst
1279 3710 1428 3763 scine
1465 3709 1782 3779 Hauptrede
1820 3725 1915 3764 zur
1952 3707 2341 3779 Widerlegung
2385 3710 2562 3764 seiner
2597 3707 2983 3764 sammtlichen

622 3795 841 3866 Gegner
875 3796 1030 3852 hielt.
1082 3796 1320 3852 Freilich
1355 3797 1537 3852 wurde
1573 3798 1751 3852 dieser
1785 3796 2069 3852 Beschluss
2107 3797 2251 3851 daun
2288 3814 2378 3851 am
2413 3799 2465 3852 8.
2502 3798 2719 3867 August
2754 3795 2984 3851 wieder·

619 3883 769 3954 holt,
824 3885 1087 3939 nachdem
1123 3884 1392 3940 Buschius
1429 3886 1545 3939 sich
1604 3886 1694 3940 fiir
1731 3886 1818 3941 die
1856 3884 2304 3956 Weiterfiihrung
2351 3885 2446 3941 des
2486 3885 2819 3955 Gespraches
2875 3884 2985 3939 mit

620 3975 800 4028 seiner
836 3973 1154 4044 Enniidung
1209 3973 1582 4043 entschuldigt
1638 3974 1751 4028 und
1789 3975 1909 4028 61116
1964 3973 2301 4028 schriftliche
2336 3973 2585 4028 Antwort
2619 3971 2981 4044 versprochen

565 4107 576 4112 -
620 4061 794 4128 hatte,
828 4061 940 4115 und
967 4061 1141 4116 damit
1164 4061 1254 4117 (116
1275 4061 1649 4132 Disputation,
1686 4061 1776 4117 (116
1800 4062 2131 4132 keineswegs
2157 4060 2432 4132 gliicklich
2459 4062 2548 4116 fiir
2571 4062 2659 4116 die
2684 4061 2989 4130 Anhanger

620 4149 718 4204 der
755 4148 1115 4205 Kindertaufe
1166 4149 1389 4220 auslief‚
1445 4151 1687 4220 endigte.
1759 4151 1942 4206 Kerss.
1979 4150 2079 4205 hat
2126 4150 2302 4204 dieses
2339 4149 2474 4205 alles
2528 4148 2848 4205 unerwahnt
2884 4165 2983 4220 ge-

617 4237 817 4305 lassen,
856 4238 1124 4292 trotzdcm
1160 4255 1220 4292 er
1256 4255 1313 4293 es
1351 4255 1450 4294 aus
1487 4238 1591 4294 den
1627 4239 1825 4308 Akten,
1862 4240 1951 4294 die
1988 4255 2046 4293 cr
2081 4239 2279 4308 besass,
2322 4239 2478 4294 hatte
2513 4241 2705 4294 wissen
2744 4240 2983 4292 mussan.

617 4325 729 4380 Zur
766 4325 939 4380 Sache
975 4327 1086 4397 vgl.
1122 4326 1333 4382 Herm.
1370 4326 1818 4382 Hamclmann
1856 4345 1906 4383 a.
1933 4345 1982 4382 a.
2008 4328 2073 4383 Ο.
2108 4325 2196 4383 Bl.
2233 4327 2387 4382 E5f.
2425 4343 2479 4383 u.
2517 4319 2727 4383 Gan
