3259 5075
1237 257 1420 324 Anno
1474 258 1646 324 1534
1687 263 1849 324 acta.
2584 258 2714 323 537

365 457 609 522 quoque
674 437 742 502 in
802 436 962 502 vicis
1029 435 1422 501 trahentium
1491 435 1830 518 crebroque
1906 434 2398 517 respectantium
2464 436 2716 518 tergora

365 543 556 608 armis
624 542 901 626 pulsant.
998 543 1233 608 Senum
1279 541 1669 625 scipionibus
1728 541 2144 607 innitentium
2211 541 2414 606 lentos
2459 560 2712 625 gressus

363 649 709 714 acrioribus
755 649 993 731 verbm,
1063 648 1386 713 interdum
1430 647 1797 712 verberibus
1859 648 2189 730 castigant.
2283 646 2542 729 Ingredi
2587 666 2713 712 non

359 755 639 820 valentes
686 754 854 838 bigis
922 756 1166 820 evectos
1213 754 1282 818 in
1327 753 1536 818 nivem
1583 753 1899 818 evolvunt.
1994 747 2267 829 Quidam
2312 754 2390 818 ab
2436 754 2713 837 anabap-

360 860 550 925 tismo
586 880 843 944 prorsus
875 860 1282 925 abhorrentes
1313 860 1472 924 aeris
1506 859 1875 942 intemperie
1905 857 2133 940 territi,
2184 858 2441 942 quidam
2471 859 2711 924 morbis

360 966 630 1046 detenti,
704 965 964 1050 quidam
1009 964 1181 1030 senio
1225 964 1440 1046 fracti,
1512 965 1773 1049 quidam
1818 965 1982 1029 bona
2025 964 2247 1029 tuendi
2290 965 2497 1048 gratia
2541 964 2712 1029 intra

362 1070 497 1135 dies
542 1090 775 1154 paucos
807 1071 1071 1136 meliora
1115 1073 1434 1155 sperantes
1469 1074 1813 1153 remanent,
1862 1070 1973 1155 qui
2019 1072 2231 1135 tamen
2261 1071 2449 1136 inviti
2495 1072 2711 1154 postea

359 1177 786 1261 retingantur.
858 1175 1109 1254 Quanta
1152 1177 1348 1242 fuerit
1391 1177 1678 1261 tyrannis
1726 1179 2083 1260 quantaque
2128 1176 2512 1258 immanitaS‚
2561 1175 2709 1241 inde

356 1282 543 1347 facile
588 1283 829 1367 liquere
897 1284 1189 1364 arbitror,
1261 1281 1428 1366 quod
1474 1282 1544 1346 in
1589 1284 1770 1347 tanta
1814 1282 1973 1347 aeris
2041 1283 2513 1365 perturbatione
2573 1282 2709 1349 sine

357 1388 724 1455 discrimine
770 1390 1296 1455 innumerabilem
1327 1389 1811 1454 multitudinem
1856 1391 1988 1454 tam
2020 1390 2300 1453 virorum
2347 1408 2536 1472 quam
2565 1409 2708 1454 mu-

354 1494 614 1578 lierum,
684 1499 817 1562 tam
879 1498 1202 1580 virginum
1261 1515 1451 1580 quam
1509 1515 1877 1579 puerorum,
1947 1498 2081 1560 tam
2141 1496 2707 1562 ecclesiasticorum

357 1620 548 1685 quam
592 1602 1017 1685 profanorum,
1066 1605 1200 1668 tam
1243 1602 1545 1667 iuvenum
1590 1621 1780 1685 quam
1827 1621 2047 1666 senum
2093 1602 2426 1685 exegerint.
2507 1601 2706 1682 Quot-

355 1710 510 1791 quot
555 1710 632 1774 ab
668 1710 868 1793 impia
911 1728 1128 1774 eorum
1160 1711 1330 1775 secta
1375 1709 1812 1790 abhorrebant,
1861 1708 2093 1773 honore
2125 1710 2188 1773 et
2234 1708 2544 1792 dignitate
2575 1709 2705 1773 exi-

352 1816 535 1898 mios,
585 1816 814 1882 divites
846 1820 909 1882 et
940 1817 1310 1882 excellentes
1342 1816 1674 1898 utriusque
1713 1835 1895 1880 sexus
1927 1815 2114 1896 civeS,
2162 1814 2387 1898 patriis
2419 1817 2484 1879 et
2514 1815 2703 1880 avitis

353 1920 629 2004 sedibus,
679 1923 970 1988 omnibus
1017 1924 1220 2005 boniS‚
1269 1924 1397 1987 imo
1442 1922 1743 2003 vestibus,
1793 1921 2078 2004 pecuniis
2125 1922 2313 2004 atque
2357 1920 2587 1987 viatico
2633 1922 2706 1986 in

351 2026 513 2109 ipsis
558 2028 760 2110 portis
806 2028 1052 2093 miseris
1098 2028 1302 2093 modis
1350 2048 1463 2111 per
1489 2028 1622 2092 vim
1668 2029 1993 2092 emunctos
2024 2029 2088 2092 et
2133 2027 2429 2110 spoliatos
2477 2027 2703 2092 crude·

350 2131 505 2197 liter
549 2135 925 2217 expulerunt
944 2137 986 2199 ¹.
1080 2135 1316 2198 Matres
1363 2133 1564 2217 raptis
1611 2152 1645 2198 e
1691 2133 2021 2197 cunabulis
2090 2131 2443 2198 infantibus
2511 2132 2701 2199 nudis

351 2238 666 2322 effugiunt
709 2240 1056 2323 multisque
1110 2240 1436 2305 lachrimis
1482 2239 1738 2323 penates
1785 2239 2099 2304 deserunt.
2178 2239 2473 2304 Adamati
2519 2239 2702 2322 pusi-

352 2365 500 2410 ones
546 2349 802 2429 patrum
847 2347 1141 2412 manibus
1174 2346 1473 2427 utrinque
1518 2345 1924 2410 adhaerentes
1971 2364 2083 2428 per
2127 2345 2340 2409 nivem
2384 2344 2699 2428 pluviam-

347 2470 472 2536 que
518 2452 707 2517 nudis
752 2453 988 2538 plantis
1034 2452 1378 2517 trahuntur
1408 2454 1472 2516 et
1515 2449 1775 2517 *flentes
1822 2451 1902 2516 ad
1947 2451 2286 2516 arcendum
2330 2452 2533 2536 frigus
2564 2471 2699 2518 ma-

348 2560 515 2624 trem
558 2563 817 2643 vocant3
887 2561 997 2625 alii
1045 2579 1170 2625 non
1217 2559 1430 2643 aequis
1475 2560 1767 2643 passibus
1813 2578 1972 2642 pone
2020 2561 2386 2642 sequuntur.
2480 2560 2699 2642 Neque

346 2666 629 2748 gravidis
677 2667 1157 2749 recentibusque
1200 2666 1527 2749 puerperis
1572 2665 1876 2749 languida
1907 2668 1973 2731 et
2016 2665 2238 2731 effoeta
2281 2667 2565 2730 membra
2595 2667 2700 2731 vix

345 2772 748 2838 trahentibus
818 2775 1232 2857 pepercerunt
1277 2772 1448 2853 adeo,
1519 2776 1596 2836 ut
1641 2772 1801 2837 aliae
1848 2772 2047 2856 (quod
2092 2771 2269 2836 dictu
2314 2772 2700 2837 horrendum

344 2878 473 2961 est>
522 2880 696 2944 extra
723 2879 973 2944 moenia
1001 2879 1071 2942 in
1101 2879 1245 2943 nive
1274 2878 1634 2962 pepererint
1653 2879 1694 2960 ²,
1744 2878 1902 2943 aliae
1949 2878 2222 2943 infantes
2253 2897 2465 2942 recens
2496 2878 2697 2944 editos

563 3090 604 3158 ¹)
641 3091 761 3144 Den
799 3091 966 3145 sehon
991 3091 1179 3145 friiher
1215 3107 1313 3144 ans
1349 3091 1446 3145 der
1471 3090 1634 3146 Stadt
1669 3090 2050 3144 Entwichenen
2089 3107 2200 3144 war
2224 3089 2440 3144 erlaubt
2462 3089 2697 3159 worden,

340 3177 461 3231 ihre
498 3177 947 3249 Habseligkeiten
994 3179 1396 3234 mitzunehmen
1448 3180 1553 3233 mit
1587 3178 1897 3233 Ausnahme
1934 3195 2037 3232 von
2074 3178 2505 3233 Lebensmitteln
2563 3178 2694 3249 (vgl.

343 3268 483 3321 oben
521 3268 576 3323 S.
603 3268 708 3323 502
727 3268 809 3336 f.).
863 3268 900 3322 J
904 3272 1016 3323 etzt
1042 3269 1171 3323 aber
1194 3269 1432 3322 mussten
1470 3268 1557 3322 die
1582 3267 1911 3337 Fliichtigen
1952 3266 2132 3334 „laten
2171 3268 2316 3320 stain
2354 3267 2407 3320 al
2434 3267 2533 3321 dat
2554 3268 2694 3337 iene,

342 3359 455 3409 wat
489 3357 568 3410 sie
604 3355 835 3423 hedden,
871 3356 997 3411 huis
1023 3356 1133 3411 und
1161 3356 1272 3425 hof,
1309 3357 1439 3412 wief
1470 3356 1582 3410 und
1607 3356 1731 3410 kint
1766 3356 1878 3410 und
1914 3359 2156 3411 moesten
2193 3372 2252 3410 so
2278 3356 2553 3410 iemerlick
2589 3374 2695 3412 von

337 3443 441 3498 dat
476 3462 569 3499 oer
605 3446 825 3499 trecken
863 3445 974 3499 und
1010 3444 1162 3499 laten
1198 3445 1297 3499 dat
1332 3462 1391 3499 so
1430 3445 1605 3499 stain“
1663 3444 1755 3513 (Η.
1795 3443 2143 3498 Gresbeck
2181 3461 2232 3499 a.
2257 3461 2305 3499 a.
2334 3443 2441 3512 O.).
2512 3444 2693 3499 Achn-

337 3531 453 3586 lich
489 3532 560 3589 H.
596 3534 780 3603 Dorp
837 3533 1106 3588 131.D4v.
1179 3534 1243 3589 P.
1278 3533 1679 3588 Plateanus
1716 3549 1766 3586 a.
1793 3549 1841 3588 a.
1869 3532 1933 3587 O.
1972 3533 2212 3587 schreibt
2265 3550 2353 3586 am
2390 3533 2475 3586 25.
2512 3534 2690 3589 Mara:

379 3661 391 3672 .
413 3660 427 3673 .
449 3661 461 3673 .
502 3638 610 3689 eos,
649 3623 744 3692 qui
781 3638 912 3675 suae
936 3625 1117 3676 sectae
1154 3638 1262 3676 non
1299 3625 1471 3690 erant,
1507 3623 1659 3690 prius
1696 3622 1752 3674 in
1788 3620 2043 3675 hostilem
2079 3621 2299 3675 modum
2335 3621 2596 3691 spoliatos
2622 3621 2693 3676 ad

340 3725 510 3763 unum
548 3727 732 3765 omnes
770 3714 1066 3780 exegerunt
1100 3709 1239 3764 nihil
1278 3711 1355 3765 eis
1393 3726 1612 3764 suarum
1649 3726 1829 3764 rerum
1864 3708 2251 3779 relinquente8‚
2300 3711 2406 3764 nisi
2443 3712 2491 3764 si
2528 3727 2692 3780 quam

340 3800 547 3852 vestem
581 3815 689 3852 non
728 3800 945 3853 omnino
983 3799 1181 3853 bonam
1217 3799 1450 3853 fuissent
1485 3799 1690 3866 induti,
1747 3799 1881 3852 adeo
1918 3803 1983 3853 ut
2018 3798 2244 3853 corallia
2281 3802 2338 3852 et
2373 3797 2476 3852 hoc
2518 3816 2691 3869 genus

335 3886 581 3942 amuleta
616 3887 919 3942 infantibus
956 3888 1138 3957 pueris
1176 3887 1511 3941 detraxerint
1549 3927 1562 3940 .
1583 3926 1596 3939 .
1619 3928 1631 3941 .
1672 3887 1829 3941 Intra
1863 3886 2052 3941 horam
2088 3885 2333 3957 plerique
2369 3888 2502 3941 urbe
2539 3905 2690 3943 exce-

334 3974 466 4029 dere
504 3979 633 4030 sunt
659 3976 820 4046 jussi.
872 3976 1137 4047 Spiritum
1163 3978 1307 4031 enim
1344 3977 1628 4031 testificari
1667 3979 1858 4047 gentes
1884 3979 1940 4030 ct
1976 3976 2169 4046 impios
2207 3977 2325 4029 neci
2364 3975 2685 4032 dedendos.“

337 4062 466 4133 Vgl.
504 4064 644 4118 auch
680 4064 749 4120 D.
788 4064 976 4119 Lilie
1012 4066 1068 4120 S.
1105 4065 1227 4120 223.

553 4150 597 4223 ²)
636 4153 726 4207 Sie
764 4153 959 4222 haben,
996 4154 1215 4208 8018101,
1251 4154 1347 4209 der
1369 4154 1598 4209 Bischof
1629 4154 1729 4208 auf
1762 4153 1884 4208 dem
1913 4154 2198 4224 Landtage
2236 4170 2301 4207 zu
2338 4153 2560 4223 Hiltrup
2598 4170 2689 4208 am

337 4240 421 4293 17.
461 4240 611 4295 Mara
666 4245 957 4312 verta-agen
1015 4242 1208 4310 (St-A.
1245 4244 1340 4311 M„
1378 4242 1867 4312 Landtagsakten),
1927 4242 2207 4310 „krancke,
2264 4259 2540 4312 szwanger
2574 4242 2687 4296 und

333 4328 680 4401 gebrecklige
718 4347 1007 4400 personen,
1063 4347 1216 4385 mans
1253 4330 1364 4384 und
1407 4331 1676 4399 fmnwen,
1730 4330 1797 4384 de
1835 4330 1934 4384 0011
1970 4331 2029 4384 111
2067 4330 2291 4386 zulcken
2327 4330 2591 4402 uthiagen
2627 4332 2688 4386 in

2726 2463 2823 2534 Ἴ).
2858 2464 2988 2522 460.
