3259 5075
1139 302 1323 367 Anno
1379 303 1548 368 1534
1592 304 1752 367 acta.
2486 303 2616 367 609

265 478 559 543 hostibus
605 478 889 562 capitur3
960 480 1026 543 et
1071 497 1218 542 cum
1264 478 1342 542 ad
1389 478 1660 544 militiae
1707 478 1895 542 duces
1954 477 2425 560 pertraheretur
2469 497 2619 542 cau-

266 603 524 669 samque
571 584 791 670 effugii
836 585 1042 649 dicere
1088 584 1300 650 iussus
1333 586 1514 667 esset,
1562 585 1703 650 ille:
1751 584 2049 649 continuo
2097 603 2163 649 se
2192 583 2262 649 in
2306 584 2619 667 principis

263 690 556 773 gratiam,
590 689 697 755 cui
740 708 1031 773 praesens
1065 693 1130 756 et
1160 693 1404 756 certum
1434 690 1700 755 exitium
1745 690 2037 771 paratum
2068 708 2200 754 esse
2232 689 2410 771 sciat,
2460 690 2618 754 urbe

266 815 592 880 egressum
637 815 770 862 esse
801 795 977 863 dicit.
1044 796 1360 862 Emissam
1390 796 1558 861 enim
1589 815 1724 861 esse
1769 796 1942 861 intra
1986 795 2258 861 biduum
2285 796 2619 861 mulierem

265 922 304 967 a
348 901 668 984 retinctiS,
736 921 894 985 quae
952 902 1194 968 exitiali
1238 921 1496 967 munere
1558 902 1753 967 saluti
1810 900 2118 985 principis
2186 902 2613 967 insidiaretur.

263 1008 362 1072 Ne
407 1007 622 1091 itaque
667 1007 892 1088 ferant,
941 1010 1017 1073 ut
1062 1007 1176 1072 illa
1221 1007 1298 1072 ad
1346 1007 1699 1090 principem
1744 1007 2153 1090 admittatur3
2222 1008 2403 1074 illam
2449 1007 2621 1073 enim

263 1134 398 1179 esse
442 1113 864 1194 vaferrimam,
935 1114 1121 1179 tectis
1166 1114 1498 1179 fraudibus
1545 1113 2108 1178 instructissimam
2154 1116 2218 1179 et
2262 1114 2621 1199 eloquentia

261 1220 370 1285 vix
416 1220 646 1285 habere
691 1240 924 1304 parem.
1019 1220 1191 1300 Quae
1237 1222 1450 1285 autem
1495 1220 1573 1284 de
1620 1222 1968 1285 commeatu
2028 1239 2143 1303 pro
2188 1219 2416 1286 marito
2462 1218 2617 1286 *suo
2643 1235 2741 1308 *μ
2780 1236 2906 1296 507,

264 1345 301 1390 a
331 1326 620 1410 principe
665 1326 1059 1410 impetrando
1093 1326 1339 1409 dixerit,
1388 1345 1535 1391 cum
1565 1326 1870 1392 maritum
1914 1326 1982 1390 iu
2012 1327 2169 1390 urbe
2202 1345 2325 1391 non
2365 1326 2614 1410 habeat,

264 1432 480 1497 omnia
526 1451 659 1498 esse
688 1452 866 1515 vana,
915 1432 1127 1498 efficta
1170 1435 1236 1498 et
1279 1433 1599 1498 ementita.
1666 1432 1954 1497 Dubium
1997 1432 2258 1515 proinde
2303 1452 2429 1498 non
2462 1451 2615 1515 esse,

262 1538 321 1603 si
352 1537 432 1603 ad
468 1538 818 1622 principem
867 1538 1143 1605 admissa
1185 1539 1398 1621 fuerit,
1447 1538 1604 1622 quin
1636 1538 1849 1621 ipsum
1878 1555 2155 1620 munere,
2206 1538 2373 1622 quod
2406 1557 2618 1603 86011111

260 1645 450 1729 gerit,
498 1664 733 1711 veneno
779 1644 1213 1711 efficacissimo
1259 1645 1506 1710 imbuto
1552 1644 1884 1709 incautum
1928 1643 2273 1727 extinguat.
2367 1645 2505 1709 Hac
2550 1664 2618 1710 re

260 1751 455 1816 duces
502 1750 902 1816 vehementer
960 1751 1243 1816 exterriti
1288 1750 1630 1834 captivum,
1681 1750 1738 1814 si
1782 1769 1930 1815 vera
1972 1749 2222 1832 referat,
2269 1752 2428 1816 bene
2476 1770 2617 1835 spe-

257 1875 402 1921 rare
448 1856 675 1921 iubent
719 1859 784 1922 et
829 1857 1081 1923 sublata
1124 1857 1298 1923 omni
1343 1876 1519 1922 mora
1564 1858 1848 1940 satrapae
1895 1855 2303 1921 Woltbecano
2350 1856 2619 1941 aliisque

260 1962 642 2028 consiliariis
703 1963 855 2028 haec
900 1963 1225 2029 nunciant.
1319 1962 1446 2042 Qui
1490 1963 1833 2027 veneficam
1876 1961 1945 2027 in
1991 1961 2130 2045 ipsa
2173 1961 2354 2026 curia
2397 1962 2616 2045 oppidi

261 2069 521 2135 arctiori
565 2070 853 2136 custodia
898 2072 1214 2136 servantes
1259 2070 1462 2154 ipsam
1508 2089 1581 2135 ex
1609 2067 1886 2134 vinculis
1934 2066 2237 2133 adhibitis
2282 2067 2616 2134 tormentis

258 2195 483 2240 verum
529 2176 737 2242 dicere
772 2179 1024 2260 cogunt.
1088 2176 1212 2241 Illa
1255 2176 1592 2258 impatiens
1625 2174 1942 2239 cruciatus
1975 2173 2274 2238 continuo
2304 2172 2543 2237 fatetur
2560 2175 2614 2238 ¹:

265 2281 341 2346 Se
389 2281 639 2364 Snecae,
687 2281 756 2347 in
805 2281 1035 2365 oppido
1081 2281 1477 2364 Hollandico,
1550 2300 1742 2364 super
1786 2279 2172 2364 agnitionem
2231 2278 2383 2344 fidei
2443 2297 2612 2362 suae,

262 2405 454 2470 quam
522 2387 890 2471 praecedere
936 2388 1236 2469 oporteat,
1299 2387 1635 2451 retinctam
1682 2387 1747 2450 et
1789 2404 1950 2451 novo
1994 2383 2230 2450 foederi
2291 2383 2617 2451 initiatam

260 2511 414 2577 esse,
461 2492 729 2578 ideoque
776 2512 841 2559 se
872 2492 1004 2559 suis
1051 2492 1187 2559 sine
1227 2492 1452 2558 salutis
1499 2491 1828 2576 dispendio
1875 2491 2087 2559 deesse
2128 2510 2258 2557 non
2302 2490 2611 2575 potuisse;

260 2619 327 2666 se
359 2600 641 2683 exemplo
686 2599 911 2665 Iudith
942 2620 979 2665 a
1010 2599 1245 2683 spiritu
1281 2599 1401 2665 Dei
1447 2601 1510 2664 et
1556 2598 2127 2683 Knipperdolh‘ngo
2174 2598 2443 2684 aliisque
2487 2598 2615 2682 piis

257 2705 417 2772 viris
463 2707 688 2772 multis
754 2706 958 2772 modis
1006 2707 1412 2791 exagitatam,
1461 2707 1538 2770 ut
1582 2705 1938 2772 venenifero
2005 2705 2130 2771 isto
2174 2723 2433 2771 munere
2479 2704 2616 2788 epi-

257 2831 525 2895 scopum
555 2812 886 2897 extinguat
915 2812 1262 2895 urbemque
1291 2812 1372 2877 ab
1404 2810 1730 2878 obsidione
1773 2810 2105 2895 tyrannica
2141 2810 2397 2891 liberet3
2447 2806 2609 2895 quod

258 2918 547 2985 officium
577 2920 635 2984 si
663 2920 1015 2985 recusasset
1051 2921 1117 2984 et
1163 2918 1555 3003 suggestioni
1602 2917 1869 3002 spiritus
1916 2917 2425 3002 reliquorumque
2469 2935 2617 3001 pro-

255 3025 600 3108 phetarum
645 3026 957 3091 reluctata
1000 3025 1245 3108 fuisset,
1292 3026 1500 3090 Deum
1546 3025 1909 3091 offendisset
1927 3026 1969 3090 ².
2038 3024 2176 3090 Sibi
2220 3042 2366 3107 ergo
2415 3024 2614 3089 satius

256 3152 393 3198 esse
438 3131 508 3196 in
536 3151 764 3198 manus
810 3132 1153 3215 impiorum
1183 3132 1532 3215 hominum,
1587 3150 1778 3216 quam
1808 3130 2121 3195 iudicium
2151 3129 2273 3195 Dei
2316 3129 2612 3195 incidere.

256 3415 513 3471 Stadtrat
546 3416 606 3470 in
646 3415 744 3471 das
779 3414 1111 3470 Fraterhaus
1166 3414 1452 3469 entsendet
1486 3414 1725 3483 wurden,
1778 3430 1872 3468 um
1907 3412 2014 3468 den
2047 3412 2295 3468 Briidern
2331 3412 2450 3467 ihre
2485 3412 2614 3467 Ein-

255 3505 691 3575 nahmeregister
735 3504 848 3559 und
883 3503 1360 3573 Handwerkzeuge
1413 3502 1768 3558 abzufordern
1828 3501 2017 3573 (vergl.
2056 3502 2195 3557 oben
2233 3502 2287 3557 S.
2327 3502 2472 3569 131).
2543 3500 2613 3555 In

253 3594 462 3648 seinem
485 3592 669 3648 Hause
707 3593 806 3648 hat
842 3592 959 3647 sich
992 3592 1029 3647 J
1032 3592 1211 3648 ohann
1229 3609 1279 3646 v.
1297 3591 1501 3646 Leiden
1537 3590 1794 3645 wahrend
1830 3592 2007 3646 8611161·
2032 3594 2210 3645 ersten
2233 3589 2616 3644 Anwesenheit

251 3682 316 3736 in
350 3681 601 3736 Miinster
636 3682 722 3736 bis
760 3697 882 3735 zum
918 3681 1005 3735 25.
1041 3680 1160 3736 Juli
1202 3680 1339 3735 1533
1376 3679 1731 3750 aufgehaltcn
1773 3680 1836 3747 (s.
1876 3679 2013 3734 oben
2051 3679 2106 3734 S.
2142 3678 2292 3746 412).

474 3788 517 3857 ¹)
555 3788 737 3845 Kerss.
775 3789 1004 3843 benutzt
1055 3787 1132 3842 im
1185 3786 1502 3856 Folgenden
1556 3786 1655 3840 das
1708 3783 1978 3855 peinliche
2026 3784 2364 3840 Bekenntnis
2418 3782 2612 3838 Hille’s

251 3893 379 3931 vom
421 3876 509 3931 27.
537 3876 573 3930 J
574 3877 670 3931 11111
706 3877 818 3931 und
853 3875 1044 3931 behalt
1080 3875 1168 3930 die
1191 3868 1527 3944 Aufreizung
1563 3873 1735 3928 durch
1771 3872 2227 3943 Knipperdolling
2262 3872 2374 3927 und
2397 3871 2614 3926 Anderc

249 3964 360 4020 bei.
432 3964 548 4019 Auf
585 3965 674 4020 die
709 3965 911 4035 Frage:
969 3981 1073 4031 „an
1109 3980 1244 4018 wem
1281 3980 1342 4018 ze
1379 3962 1657 4034 gewiseth,
1713 3966 1771 4016 to
1810 3978 1936 4017 eren
1972 3977 2260 4016 vernemen
2296 3959 2614 4031 behulplich

247 4054 449 4123 t'syn,“
491 4058 618 4125 sagt
666 4056 770 4109 sie:
814 4052 1142 4121 „Nemantz,
1197 4051 1306 4107 dan
1343 4051 1543 4106 alleine
1595 4051 1852 4122 geluckes
1904 4049 2017 4104 und
2051 4049 2384 4120 ungeluckes
2420 4052 2479 4103 to
2517 4066 2611 4120 ge-

248 4141 496 4208 warden3
537 4158 602 4212 zy
640 4142 739 4197 ock
775 4141 979 4196 willich
1017 4141 1112 4196 tho
1149 4140 1315 4209 liden,
1352 4142 1464 4195 wat
1498 4156 1558 4194 er
1593 4139 1925 4195 011611101116.ας

470 4229 515 4300 ²)
558 4230 778 4298 „Hedde
817 4248 878 4287 ze
913 4230 1012 4285 dat
1045 4229 1201 4285 nicht
1235 4230 1462 4302 gedaen,
1500 4245 1560 4284 ze
1595 4227 1773 4283 hedde
1812 4228 1922 4283 Got
1956 4226 2247 4283 darmedde
2281 4226 2609 4295 1611061111,κ

246 4323 381 4391 sagt
413 4318 564 4374 Hine
607 4335 723 4374 aus.
2396 4403 2481 4469 15
