3259 5075
687 249 821 313 800
1548 250 1734 313 Anno
1793 251 1955 313 1535
2003 255 2161 314 acta.

684 443 981 489 ranarum
1026 425 1274 489 lumbos
1319 424 1492 489 lenta
1538 425 1868 508 tenacique
1913 425 2299 509 pinguedine
2346 426 2540 509 sugit,
2604 426 2760 492 haec
2805 427 3054 492 virides

683 529 1015 613 pampinos
1085 533 1405 595 acetosum
1474 548 1761 613 saporem
1818 531 2182 613 referentes,
2256 532 2408 596 haec
2469 551 2660 598 novos
2707 536 2773 598 et
2817 533 3054 597 molles

683 634 890 699 adhuc
936 636 1232 700 arborum
1276 635 1537 701 frutices
1585 638 1699 700 aut
1745 636 2006 700 cortices
2052 635 2122 701 in
2153 636 2393 701 delitiis
2439 637 2648 702 habet.
2707 638 2882 702 Haec
2916 637 3053 703 ole-

683 740 862 805 ribus
910 740 1109 823 611ιί3,
1178 761 1338 825 quae
1385 742 1579 807 semel
1622 741 1981 825 iterumque
2028 742 2287 808 sebacea
2331 742 2593 808 candela
2636 744 2873 826 raptim
2920 744 3050 808 im-

682 866 892 912 mersa
935 847 1343 931 pinguescere
1403 851 1733 930 putantur,
1801 847 2069 932 gaudet3
2139 848 2295 913 haec
2340 849 2600 914 limaces
2647 851 2713 914 et
2757 850 3052 914 cochleas

683 952 982 1034 lubricae,
1028 953 1183 1018 haec
1227 953 1589 1019 herinaceos
1636 954 1840 1019 hirtos
1886 953 1957 1019 in
1987 973 2178 1037 regno
2214 956 2430 1038 captos
2475 956 2544 1020 in
2575 955 2794 1020 cibum
2823 956 3048 1020 vertit.

681 1059 856 1124 Haec
900 1059 1127 1125 herbas
1167 1062 1231 1125 et
1276 1060 1517 1125 radices
1563 1059 1883 1144 quaslibet
1926 1058 1996 1124 in
2026 1060 2157 1125 cibi
2202 1064 2267 1126 et
2310 1061 2689 1127 nutrimenti
2735 1061 3055 1127 solamina

679 1165 891 1250 poscit
908 1167 950 1248 ¹,
1017 1166 1170 1231 haec
1215 1166 1409 1231 boum
1452 1185 1913 1250 vaccarnmque
1978 1169 2369 1232 excrementa
2415 1166 2544 1231 sole
2590 1166 2868 1232 exiccata
2914 1168 3050 1232 col-

680 1270 858 1354 ligit,
931 1271 1085 1337 haec
1131 1271 1357 1337 foricas
1418 1271 1596 1336 iuxta
1641 1270 1919 1354 Alpham
1978 1270 2253 1336 rimatur
2298 1273 2361 1337 et
2407 1275 2873 1337 excrementum
2922 1272 3050 1337 hu-

680 1396 941 1442 manum
987 1378 1150 1443 aeris
1197 1377 1348 1442 solis
1380 1377 1586 1443 calore
1632 1376 1703 1441 in
1734 1395 2007 1442 massam
2051 1376 2427 1442 induratum
2456 1377 2644 1460 eruit,
2694 1378 2862 1461 quod
2893 1397 3050 1443 cum

680 1482 856 1547 intus
904 1483 1176 1565 speciem
1220 1483 1402 1566 panis
1433 1483 1713 1564 referret,
1764 1481 2024 1566 qnidam
2055 1502 2126 1547 eo
2158 1483 2238 1548 ad
2269 1482 2583 1549 edendum
2625 1483 2829 1548 illecti
2866 1487 3046 1565 sunt,

682 1588 792 1653 sed
837 1607 984 1653 cum
1029 1589 1486 1673 degustassent,
1536 1608 1664 1654 non
1710 1588 1845 1653 sine
1891 1588 2150 1654 horrore
2194 1591 2261 1653 et
2305 1608 2537 1654 nausea
2581 1589 2745 1654 illud
2793 1591 3050 1654 abiece-

681 1696 834 1759 runt
865 1696 929 1759 et
972 1697 1260 1778 mortem,
1309 1714 1499 1779 qnam
1533 1694 1728 1759 talem
1761 1694 1977 1760 cibum
2023 1695 2256 1759 iterum
2287 1694 2621 1780 degustare
2653 1696 3044 1762 maluerunt.

679 1801 852 1866 Haec
896 1801 1175 1867 recentia
1242 1802 1544 1868 cadavera
1596 1801 1801 1885 raptis
1869 1801 2018 1866 inde
2062 1802 2440 1867 musculosis
2488 1802 2776 1867 carnium
2820 1803 3046 1887 pulpis

680 1906 844 1972 ferro
893 1908 1140 1991 spoliat.

893 2015 1062 2079 Hinc
1092 2014 1338 2101 viribus
1385 2012 1682 2079 destituti
1712 2018 1777 2080 et
1807 2014 2114 2095 exhausti,
2162 2014 2313 2079 hinc
2343 2014 2490 2079 tabe
2535 2013 2734 2078 luridi
2763 2013 2833 2078 in
2865 2015 3050 2079 varia

678 2121 1042 2186 morborum
1085 2138 1314 2204 genera
1357 2118 1670 2184 incidunt.
1737 2117 1938 2185 Crura
1982 2119 2263 2202 primum
2310 2119 2615 2184 inflantur
2647 2122 2712 2184 et
2753 2121 3041 2203 turgent,

676 2226 826 2291 inde
888 2229 1099 2292 totum
1144 2244 1370 2309 corpus
1416 2225 1493 2290 fit
1536 2225 1743 2290 tuber.
1838 2224 2114 2304 Quidam
2158 2225 2331 2290 enim
2377 2224 2590 2290 crudis
2660 2225 3046 2291 humoribus

679 2332 832 2397 adeo
864 2332 1315 2413 intumescunt,
1349 2334 1425 2396 ut
1454 2331 1559 2396 vix
1592 2331 1872 2414 corporis
1907 2331 2009 2395 sui
2038 2330 2271 2396 molem
2301 2331 2463 2396 ferre
2494 2333 2745 2415 queant.
2792 2331 3044 2396 Multos

676 2436 951 2501 infantes
983 2439 1096 2501 aut
1127 2436 1198 2501 in
1228 2437 1409 2502 cunis
1441 2438 1553 2502 aut
1585 2437 1654 2501 in
1702 2437 1846 2501 sinu
1878 2437 2155 2502 matrum
2187 2437 2409 2502 auxilii
2455 2436 2807 2520 expertium
2838 2436 3044 2502 fames

680 2543 963 2608 absumit
1006 2546 1071 2608 et
1116 2546 1356 2626 enecat,
1405 2544 1643 2609 multos
1689 2563 1936 2628 quoque
1984 2544 2305 2628 (horresco
2352 2544 2655 2628 referens)
2697 2547 3042 2627 parentum

675 2649 924 2733 gladius
958 2649 1087 2714 cibi
1118 2669 1305 2715 causa
1344 2649 1678 2733 extinguit,
1727 2668 1998 2733 quorum
2028 2650 2312 2722 membra
2355 2653 2499 2734 post
2528 2652 2779 2734 captam
2809 2650 3042 2715 urbem

675 2880 726 2934 ir
762 2880 934 2950 prot,“
975 2879 1179 2935 meldet
1219 2880 1362 2947 „Der
1398 2883 1595 2951 gantze
1632 2879 1863 2934 handel“
1908 2898 1957 2936 a.
1978 2898 2027 2935 a.
2050 2880 2115 2935 Ο.
2185 2879 2283 2935 Als
2319 2878 2521 2947 Mittel,
2561 2878 2666 2933 den
2703 2878 2931 2949 Hunger
2969 2895 3039 2933 zu

675 2967 887 3036 utinen,
942 2969 1097 3039 gicht
1146 2967 1214 3023 D.
1253 2967 1446 3022 Lilie
1480 2985 1533 3021 a.
1559 2984 1608 3023 a.
1638 2967 1703 3023 Ο.
1738 2969 1798 3022 in
1835 2967 2038 3023 diesem
2092 2966 2592 3036 zusammenhange
2645 2982 2717 3020 an
2758 2964 3040 3033 „allerleie

673 3055 836 3125 hude,
873 3059 1222 3127 pergamentz
1258 3074 1363 3110 van
1389 3055 1492 3110 den
1527 3057 1753 3111 beesten
1789 3060 2041 3126 getogen‚
2079 3055 2399 3126 desulvigen
2433 3054 2671 3125 gesoden
2707 3054 2851 3109 unde
2880 3054 2941 3108 in
2968 3055 3039 3109 de

674 3144 860 3200 sulten
896 3144 1166 3215 gelacht.“
1206 3144 1476 3199 Aehnlich
1513 3144 1724 3199 erzfflt
1748 3144 1888 3199 auch
1925 3144 1993 3199 H.
2022 3143 2377 3199 Gresbeck
2412 3160 2461 3197 a.
2482 3159 2533 3198 a.
2553 3142 2646 3198 0.:
2689 3142 2793 3210 „So
2819 3142 3036 3198 hebben

674 3234 755 3289 sie
793 3233 931 3288 ouck
967 3250 1123 3288 ossen
1160 3232 1335 3287 huede
1373 3235 1589 3303 gottw,
1641 3232 1752 3287 und
1789 3231 1914 3287 alde
1950 3231 2113 3286 schoe
2147 3231 2361 3286 hebben
2397 3232 2476 3286 sie
2511 3231 2570 3285 in
2607 3230 2697 3285 die
2731 3230 2904 3285 weike
2939 3248 3037 3301 ge-

672 3319 827 3376 lacht
862 3321 976 3375 und
1011 3321 1221 3376 hebben
1262 3320 1349 3374 die
1386 3322 1696 3392 gegetten.“
1760 3319 1889 3391 Vgl.
1926 3320 2067 3376 auch
2105 3319 2166 3375 O.
2201 3321 2379 3375 Here
2395 3320 2468 3374 sb
2485 3318 2611 3374 ach
2647 3335 2698 3374 a.
2719 3335 2770 3373 a.
2792 3318 2857 3374 Ο.
2930 3320 3038 3374 Am

673 3411 759 3464 29.
797 3410 912 3464 Mai
948 3410 1188 3464 schreibt
1221 3408 1258 3463 J
1260 3411 1426 3465 nstin.
1462 3426 1514 3464 v.
1550 3408 1925 3463 Holtzhausen
1962 3408 2103 3464 nach
2137 3408 2401 3479 Angaben
2438 3407 2774 3479 gesangener
2806 3406 3038 3462 Fluoht-

671 3496 826 3568 linge
863 3514 961 3552 aus
998 3497 1246 3552 Miinster
1299 3514 1370 3552 an
1406 3497 1510 3551 den
1546 3497 1660 3551 Rat
1713 3497 1809 3551 der
1845 3496 2008 3551 stadt
2061 3495 2360 3551 Frankfurt
2415 3495 2514 3565 (M.
2553 3494 2712 3560 G.-Q.
2749 3493 2829 3562 Π,
2867 3494 3036 3562 343):

676 3584 924 3653 „Etzlich
961 3585 1145 3640 sieden
1182 3584 1271 3640 die
1306 3584 1728 3655 schucblsppem
1786 3583 1986 3639 etzlich
2020 3584 2201 3639 haben
2253 3588 2405 3654 pertz
2443 3583 2578 3637 heut
2615 3586 2867 3653 gesotten
2919 3583 3038 3637 und

672 3673 763 3729 die
786 3675 1028 3744 gessen.“
1088 3673 1144 3728 S.
1171 3673 1311 3728 noch
1348 3673 1446 3728 das
1469 3672 1762 3743 Flugblatt
1789 3672 2212 3743 „Warhafftiger
2233 3671 2477 3726 bericht“
2510 3671 2592 3739 (P.
2619 3670 2667 3725 B
2683 3669 3041 3726 ahlmann:

669 3761 818 3818 Bibl.
858 3762 996 3816 1535
1031 3762 1131 3817 Nr.
1168 3762 1260 3830 20)
1300 3759 1387 3818 Bl.
1422 3760 1471 3815 A
1496 3763 1530 3814 ⁶2
1567 3761 1854 3830 (zeitschr.
1892 3762 1961 3815 33
2000 3759 2188 3830 [1875]
2228 3760 2283 3816 S.
2321 3759 2458 3827 δῇ).

890 3869 933 3937 ¹)
970 3868 1043 3922 So
1079 3871 1205 3938 sagt
1239 3867 1386 3924 Joh.
1422 3868 1793 3923 Fabricius
1827 3866 2184 3922 Bolandus
2221 3865 2455 3921 sxa.O.:

1105 3955 1205 4023 „In
1240 3972 1438 4026 magno
1476 3958 1608 4010 sunt
1643 3954 1730 4009 his
1764 3955 1945 4025 precio
1983 3970 2148 4025 grave
2185 3952 2393 4009 olentia
2426 3952 2591 4024 longe

1207 4043 1372 4113 Allis,
1411 4044 1543 4114 quin
1580 4043 1805 4114 quaevis
1841 4044 2090 4113 gramina
2124 4042 2355 4113 quisque
2389 4043 2561 4096 vorat.

1098 4133 1297 4204 Fitque
1333 4132 1496 4187 Ucres
1532 4133 1700 4187 variis
1734 4131 1896 4185 rebus
1931 4132 2190 4201 vitiisque
2225 4129 2492 4200 fabisque,

1207 4219 1503 4287 Quodlibet
1538 4223 1597 4276 et
1630 4219 1817 4275 miseri
1852 4218 1960 4275 vile
1996 4219 2250 4291 legumen
2288 4218 2501 4273 edunt-‘¹

668 4309 798 4381 vg1.
835 4309 977 4365 auch
1013 4310 1074 4364 L.
1111 4308 1543 4364 Hortensius
1580 4308 1637 4364 8.
1674 4309 1762 4365 58.
