3259 5075
1208 277 1392 345 Anno
1446 278 1617 345 1533
1664 279 1824 344 acta.
2554 276 2687 344 407

317 453 486 518 ntis
527 455 676 539 ipsa
718 454 1037 521 dominica
1079 453 1384 537 Iubilate,
1447 472 1606 539 quae
1652 453 1780 519 fuit
1822 454 1885 519 4.
1933 452 2152 535 Maii¹,
2217 471 2364 518 cum
2407 453 2686 519 instruc-
2710 471 2755 514 4.
2783 466 2901 515 ιω.

321 557 578 626 tissimo
624 561 916 645 equitatu
944 560 1279 626 Woltbeca
1324 577 1631 643 egressus,
1680 578 1803 644 quo
1848 558 2055 643 pridie
2086 559 2222 624 eius
2254 557 2383 624 diei
2412 560 2687 641 venerat,

321 663 790 732 Honasterium
833 665 1180 732 contendit.
1244 664 1468 731 Clerus
1512 664 1856 749 primarius
1903 665 2070 730 circa
2114 665 2337 730 horam
2381 664 2691 730 decimam

325 768 511 835 ultra
550 774 809 838 centum
851 771 1272 837 ferocissimos
1307 790 1499 856 equos
1543 771 1613 836 in
1646 770 2108 855 expeditionem
2156 770 2427 837 educens
2470 771 2691 853 gratu-

323 873 596 941 lafionis
635 896 827 943 causa
884 876 1163 962 principi
1210 877 1461 943 obviam
1504 877 1823 961 procedit3
1884 881 1951 943 et
1995 896 2143 942 cum
2188 876 2535 943 scholaster
2577 894 2691 941 no-

323 980 506 1047 mine
551 982 818 1066 capituli
862 981 1153 1049 *felicem
1195 982 1297 1048 ini
1343 982 1688 1049 adventum
1730 986 2023 1068 precatus
2068 982 2315 1065 fuisset,
2362 1000 2510 1047 cum
2555 981 2688 1048 suis
2714 999 2744 1030 ⁸
2757 1017 2812 1072 p.
2846 998 2976 1058 868.

325 1085 402 1152 iu
449 1087 676 1153 urbem
717 1089 903 1155 redit.
970 1090 1234 1155 Senatus
1267 1092 1482 1155 autem
1526 1089 1761 1155 coactis
1793 1109 1827 1155 e
1857 1089 2097 1155 civium
2141 1107 2402 1154 numero
2448 1088 2693 1173 aliquot

325 1193 626 1277 equitum
667 1195 898 1260 turmis
930 1194 1099 1261 circa
1141 1194 1366 1261 horam
1411 1194 1849 1261 duodecimam
1892 1193 1974 1259 ad
2016 1194 2371 1279 principem
2414 1193 2693 1260 liberum

321 1302 754 1366 commeatum
797 1300 924 1367 fide
967 1301 1227 1384 publica
1270 1300 1477 1366 eidem
1522 1299 1896 1367 addicturus
1942 1301 2098 1366 urbe
2142 1300 2289 1367 exit.
2354 1299 2517 1366 Cum
2562 1300 2692 1367 iam

321 1402 571 1487 viginti
636 1405 890 1472 circiter
951 1406 1157 1472 stadia
1199 1406 1278 1472 ab
1324 1406 1484 1477 urbe
1528 1406 1805 1487 abesset,
1852 1405 1922 1471 in
1966 1405 2242 1489 planicie
2307 1407 2510 1471 terrae
2555 1424 2691 1471 am-

325 1509 643 1594 plissima,
689 1530 883 1596 quam
927 1512 1215 1579 Geistam
1258 1512 1601 1597 appellant,
1654 1512 1772 1578 ubi
1814 1512 1995 1577 iuxta
2037 1511 2206 1577 viam
2253 1511 2576 1594 publicam
2619 1510 2689 1577 in

325 1613 624 1682 aedicula
687 1616 958 1702 quadam
1027 1618 1335 1684 statuaria
1399 1617 1693 1684 divorum
1765 1617 2151 1685 simulachra
2216 1618 2689 1701 conservantur,

325 1719 691 1805 principem
734 1724 1064 1807 opperitur
1123 1728 1311 1809 atque
1356 1724 1450 1790 ibi
1494 1724 1563 1789 in
1610 1723 1903 1790 colliculo
1973 1723 2220 1790 solenni
2286 1722 2689 1789 iureiurando

328 1825 418 1890 ab
459 1824 578 1892 illo
621 1832 879 1912 accepto
924 1829 1298 1914 regreditur.
1365 1828 1668 1914 Princeps
1715 1832 1929 1895 autem
1973 1829 2106 1896 suis
2152 1829 2247 1894 ita
2290 1829 2358 1893 in
2404 1827 2691 1894 ordinem

325 1929 687 2016 dispositis,
732 1935 810 2000 ut
855 1934 993 2017 ipse
1023 1953 1170 2015 cum
1213 1934 1524 2001 fratribus
1571 1934 1705 2000 suis
1750 1934 2017 2019 aliisque
2062 1933 2402 2000 comitibus
2438 1953 2511 2000 ac
2553 1934 2687 2018 pri-

329 2036 557 2103 mariis
586 2037 890 2106 dioecesis
919 2040 1166 2106 medius
1197 2040 1616 2124 clauderetur,
1662 2040 2049 2125 pedetentim
2095 2040 2521 2124 subsequitur.
2576 2040 2688 2107 In-

331 2144 508 2208 terea
550 2144 718 2209 cives
762 2146 833 2211 in
877 2144 1142 2212 diversis
1204 2147 1487 2231 primum
1530 2146 1913 2213 coemiteriis
1974 2146 2203 2213 armati
2250 2149 2505 2229 coeunt,
2552 2164 2687 2212 me-

331 2247 591 2314 chanici
656 2253 871 2317 tamen
929 2251 1212 2336 plerique
1256 2270 1403 2317 cum
1449 2252 1582 2319 suis
1641 2252 1841 2336 signis
1887 2252 2277 2318 militaribus
2322 2251 2687 2318 Francisca·

329 2372 567 2420 norum
633 2373 842 2422 aream
909 2360 1236 2440 occupant.
1328 2358 1485 2423 Inde
1529 2357 1608 2422 ad
1656 2376 1952 2442 campum
2019 2357 2409 2422 dominicum
2472 2375 2686 2423 omnes

333 2459 536 2525 simul
576 2463 980 2547 conveniunt,
1028 2463 1142 2528 ubi
1186 2462 1388 2529 aciem
1431 2482 1557 2529 non
1602 2463 1808 2548 aliter,
1857 2482 1928 2529 ac
1960 2463 2017 2529 si
2054 2464 2123 2528 in
2170 2463 2481 2547 proelium
2525 2462 2686 2528 iam-

333 2566 470 2631 iam
514 2567 743 2633 exituri
785 2572 1015 2653 essent,
1082 2570 1440 2654 instruunt,
1488 2589 1680 2656 quam
1722 2570 2041 2637 minorum
2087 2569 2467 2655 oppidorum
2518 2569 2686 2635 cives

331 2672 584 2757 aliquot
627 2692 665 2739 a
707 2677 933 2742 senatu
997 2675 1479 2743 Monasteriensi
1538 2676 1746 2742 vocati
1814 2675 2146 2761 adaugent.
2236 2675 2481 2742 Deinde
2539 2693 2687 2741 cum

333 2778 693 2865 principem
720 2780 871 2846 urbi
914 2780 1198 2847 vicinum
1225 2799 1362 2848 esse
1405 2801 1480 2848 ex
1507 2782 1723 2849 reditu
1766 2784 2020 2849 senatus
2065 2782 2529 2865 cognoscerent,
2573 2797 2688 2863 per

331 2885 696 2969 manipulos
740 2886 810 2953 in
838 2886 1052 2953 forum
1093 2888 1498 2972 potissimum
1542 2889 1608 2954 et
1652 2887 1935 2972 singulas
1964 2887 2144 2953 urbis
2187 2886 2430 2971 plateas
2473 2887 2687 2952 custo-

333 2990 482 3058 diae
524 3010 714 3058 causa
777 2991 1155 3076 funduntur,
1225 3012 1381 3078 quas
1440 2993 1635 3059 etiam
1692 2993 1931 3060 catenis
1996 2993 2217 3059 ferreis
2277 2991 2688 3059 transversim

334 3098 552 3166 ductis
597 3102 815 3166 contra
853 3101 1142 3167 subitum
1170 3119 1475 3186 equorum
1518 3101 1852 3186 impetum,
1900 3100 1957 3167 si
1986 3099 2327 3166 necessitas
2370 3097 2688 3183 postulas-

335 3208 458 3289 set,
505 3205 893 3273 concludunt
910 3207 955 3273 ².
1012 3207 1247 3290 Magna
1287 3209 1501 3273 tamen
1545 3207 1934 3273 armatorum
1963 3206 2202 3272 civium
2245 3224 2392 3289 pars
2435 3205 2687 3270 utrum-

334 3330 463 3396 que
490 3310 662 3377 latus
705 3312 952 3395 plateae
981 3312 1192 3397 regiae
1235 3312 1361 3397 (sic
1391 3313 1562 3378 enim
1591 3312 1969 3397 appellatur,
2017 3329 2133 3395 per
2159 3329 2351 3396 quam
2392 3309 2687 3394 princeps

555 3540 603 3607 ¹)
638 3540 756 3609 ‚De
807 3541 1013 3598 inisert
1044 3558 1117 3597 m.
1155 3558 1211 3614 g.
1245 3542 1382 3597 hern
1415 3558 1521 3597 van
1556 3542 1806 3598 Munster
1838 3543 1888 3597 is
1924 3540 2225 3597 verstreckt
2257 3541 2317 3595 in
2351 3539 2457 3595 den
2492 3541 2691 3609 sontag

335 3628 602 3686 Jubilate.
672 3629 880 3685 Alsdan
913 3630 1089 3686 werdt
1123 3631 1209 3686 sin
1245 3648 1299 3703 g.
1335 3636 1395 3686 to
1433 3632 1582 3686 einer
1613 3631 1721 3686 uhi·
1753 3630 2069 3701 namitdage
2104 3633 2164 3685 to
2199 3629 2448 3684 Hunster
2481 3627 2689 3682 inkom-

336 3719 512 3774 meu!
570 3717 643 3773 So
677 3717 920 3773 schreibt
954 3735 1004 3775 v.
1030 3718 1083 3776 d.
1109 3719 1298 3774 Wieck
1333 3719 1500 3775 schon
1535 3736 1625 3775 am
1648 3719 1738 3775 23.
1760 3719 1912 3773 Mars
1949 3735 2020 3773 an
2057 3718 2162 3773 den
2185 3718 2297 3773 Rat
2329 3734 2434 3772 von
2456 3715 2690 3771 Bremen

343 3807 410 3874 (s.
449 3805 821 3875 ¹,Bi-emischea
855 3806 894 3861 J
895 3806 1170 3862 ahrbuch“
1211 3809 1262 3862 2.
1288 3806 1440 3862 Sel-ie
1474 3806 1577 3862 Bd.
1605 3810 1636 3859 1
1677 3805 1931 3877 [Bremen
1957 3804 2118 3875 1885]
2156 3805 2213 3862 S.
2239 3805 2384 3873 142).
2445 3804 2552 3860 Zur
2584 3802 2688 3857 fol·

340 3893 551 3966 genden
588 3894 950 3967 Schilderung
987 3895 1082 3950 des
1118 3894 1434 3950 scier-lichen
1468 3895 1733 3950 Einrittes
1769 3895 1865 3950 des
1899 3893 2151 3950 Bischofs
2186 3896 2246 3949 in
2279 3893 2527 3948 Mfinster
2577 3890 2690 3963 vgl.

341 3981 482 4037 auch
518 3983 621 4038 den
656 3983 884 4038 Bericht
916 3983 986 4039 D.
1024 3983 1277 4039 Lilie’s
1331 3983 1388 4040 S.
1424 3983 1588 4040 2181.

552 4070 602 4130 ¹)
637 4071 740 4126 Beffi
774 4071 843 4127 D.
880 4070 1064 4128 Lilie
1099 4089 1150 4127 a.
1176 4089 1225 4128 a.
1251 4071 1317 4129 Ο.
1354 4071 1523 4128 heisst
1558 4088 1644 4127 es:
1705 4071 1810 4140 „So
1864 4070 2038 4126 vaken
2092 4069 2207 4126 alse
2259 4069 2509 4125 twintich
2563 4067 2690 4124 eder

342 4158 550 4215 nia-tiela
583 4159 751 4230 perde
772 4159 990 4215 worden
1026 4160 1433 4232 dorchgelaten,
1470 4162 1585 4216 sint
1607 4160 1675 4216 de
1698 4160 1874 4216 keden
1909 4159 2097 4215 achter
2132 4159 2238 4214 den
2272 4157 2530 4213 rutheren
2565 4173 2692 4212 over

343 4247 410 4303 de
443 4253 653 4305 straten
706 4248 1058 4320 togeselagen
1111 4249 1258 4306 unde
1306 4249 1598 4320 gedotten,
1652 4249 1789 4305 hent
1823 4248 1890 4304 de
1926 4248 2100 4303 furste
2154 4264 2225 4302 an
2261 4246 2367 4302 den
2403 4246 2560 4301 doem
2596 4262 2691 4316 ge·

342 4336 582 4393 komen.“
