3259 5075
1174 346 1357 409 Anno
1411 345 1578 410 1535
1624 345 1781 409 acta.
2514 346 2636 410 771

303 521 521 584 turum
569 519 673 601 sit,
709 557 794 568 —-
825 519 1063 585 exitum
1108 522 1296 586 tuum
1341 520 1463 586 tibi
1509 521 1813 587 revelabo.
1863 521 1962 586 Tu
2006 539 2149 586 vero
2195 523 2376 586 caute
2422 522 2643 586 ambu-

303 625 485 690 labis,
543 626 715 691 Haec
747 626 1032 710 reliquiis
1063 626 1284 710 populi
1313 626 1412 692 tui
1444 626 1854 691 annunciabis
1887 628 1968 707 et,
2003 628 2078 691 ut
2106 625 2409 691 taciturni
2442 626 2637 692 sint!“

514 732 740 798 Aliud:
793 733 966 815 „Vox
1009 732 1280 798 viventis
1326 733 1445 798 Dei
1490 753 1589 798 me
1636 732 1885 798 docuit:
1955 733 2092 798 Hoc
2138 734 2233 797 est
2277 732 2643 799 mandatum

302 838 654 903 Altissimi:
705 839 844 904 Viri
891 840 971 904 ab
1015 838 1314 905 uxoribus
1385 838 1518 904 suis
1563 838 1867 923 legitimis
1913 840 1978 904 et
2021 839 2100 902 ab
2142 838 2303 920 illis,
2377 857 2644 922 quarum

302 947 544 1011 tutores
575 965 685 1011 seu
717 944 1068 1012 defensores
1102 948 1269 1027 sunt,
1317 945 1508 1011 fidem
1539 946 1807 1031 exigent,
1855 965 1982 1011 non
2020 945 2217 1027 inam,
2266 963 2423 1028 quae
2452 945 2641 1029 vulgo

301 1051 569 1134 legitur:
623 1051 859 1134 „Credo
892 1052 963 1117 in
991 1054 1196 1118 Deum
1227 1053 1482 1119 Patrem
1513 1054 1630 1118 etc.
1647 1055 1706 1135 ;“
1757 1051 1866 1117 sed
1911 1051 2101 1118 fidem
2132 1051 2209 1116 de
2239 1070 2397 1117 novo
2429 1070 2638 1135 regno,

302 1157 380 1222 de
410 1158 829 1241 matrimonio,
879 1178 1068 1244 quare
1114 1162 1178 1225 et
1223 1160 1302 1225 ad
1347 1159 1501 1245 quid
1548 1159 1681 1225 sint
1724 1158 2093 1242 baptizatae.
2164 1158 2334 1223 Haec
2378 1157 2641 1223 nuncia-

303 1264 544 1329 buntur
587 1267 650 1330 et
695 1266 904 1349 palam
948 1267 1104 1332 fient
1149 1267 1439 1332 omnibus
1473 1266 1646 1349 viris,
1697 1269 1762 1332 et
1802 1267 1949 1349 post
1992 1265 2259 1329 biduum
2304 1265 2384 1330 ab
2415 1263 2641 1329 iisdem

300 1369 454 1436 facti
485 1371 645 1437 ratio
681 1369 1104 1455 *deposcetur,
1129 1375 1204 1438 ut
1225 1372 1394 1438 Deus
1419 1372 1621 1439 omnis
1656 1371 1979 1456 sanguinis
2003 1373 2254 1437 maneat
2282 1370 2636 1435 innocens.“
2668 1392 2698 1422 ⁸
2751 1433 2765 1449 ,

512 1477 708 1542 Aliud
739 1478 1142 1546 vaticinium:
1195 1480 1560 1562 „Praeterea
1588 1478 1743 1544 haec
1773 1497 2017 1562 quoque
2049 1479 2146 1543 est
2174 1478 2467 1543 voluntas
2497 1478 2636 1560 Dei,

299 1602 380 1648 ne
408 1586 675 1651 verbum
719 1584 895 1651 illius
940 1587 1074 1652 tam
1118 1586 1393 1652 inaniter
1421 1586 1643 1651 multis
1688 1586 1948 1669 psalmis
1981 1584 2274 1650 canendis
2322 1585 2391 1649 in
2420 1586 2639 1651 ventos

300 1691 659 1775 excutiatis,
732 1693 898 1758 sicut
962 1693 1267 1759 hactenus
1337 1693 1470 1758 sine
1529 1693 1739 1758 mente
1784 1694 1849 1758 et
1908 1691 2163 1774 pietatis
2229 1689 2640 1756 meditatione

300 1797 529 1880 psalmi
575 1798 893 1864 decantati
938 1802 1146 1865 sunt.“

513 1905 686 1970 Haec
715 1904 970 1989 quidem
1006 1906 1178 1990 regia
1206 1906 1455 1971 decreta
1498 1905 1745 1989 plebem
1789 1903 2069 1987 primum
2101 1904 2479 1984 terruerunt,
2529 1901 2637 1967 sed

300 2028 447 2074 cum
491 2010 659 2075 nihil
725 2030 1003 2077 annonae
1047 2012 1194 2077 urbi
1240 2013 1522 2077 obsessae
1589 2010 1932 2075 inferretur
1976 2012 2042 2075 et
2088 2008 2347 2093 plurimi
2408 2011 2634 2091 essent,

299 2116 412 2200 qui
457 2118 883 2201 absumerent,
956 2118 1263 2202 paulatim
1308 2137 1381 2183 ea
1425 2119 1851 2183 attenuantur.
1944 2116 2160 2200 Neque
2203 2118 2414 2181 tamen
2459 2129 2639 2182 cum·

298 2241 424 2305 rex,
473 2225 549 2288 ut
595 2243 660 2289 se
705 2223 1023 2289 facturum
1068 2225 1403 2307 receperat,
1451 2244 1597 2289 cum
1642 2223 1845 2289 omnis
1890 2223 2135 2307 generis
2182 2241 2399 2287 carnes
2446 2222 2526 2286 ad
2572 2241 2637 2287 se

298 2330 729 2396 transtulisset
746 2334 789 2414 ¹,
838 2332 1135 2416 penuriae
1179 2332 1498 2417 popularis
1530 2331 1869 2417 quicquam
1907 2330 2088 2415 pensi
2130 2330 2407 2413 haberet,
2455 2330 2635 2414 plebs

297 2437 465 2502 inter
511 2457 576 2502 se
622 2437 698 2503 de
742 2438 910 2522 regis
959 2439 1286 2522 fraudibus
1355 2439 1714 2504 clanculum
1776 2437 2113 2503 mussitare
2159 2437 2364 2521 coepit
2383 2437 2427 2502 ².
2516 2436 2636 2502 Ille

297 2564 443 2610 vero
510 2546 817 2629 populum
885 2546 1136 2612 fidelem
1202 2547 1444 2612 nullius
1509 2546 1599 2612 rei
1659 2545 1876 2629 inopia
1940 2545 2373 2610 laboraturum
2442 2542 2634 2608 variis

298 2648 648 2732 scripturae
679 2652 977 2734 exemplis
1009 2654 1393 2735 comprobat.
1452 2651 1681 2718 Veru'm
1715 2671 1859 2716 cum
1890 2651 2092 2716 nihilo
2124 2652 2335 2715 minus
2365 2650 2635 2716 tacitum

295 2756 461 2821 illud
506 2757 709 2841 plebis
755 2777 1045 2823 murmur
1087 2772 1252 2825 non·
1295 2759 1658 2844 quiesceret,
1730 2758 1840 2824 sed
1884 2758 1953 2822 in
1998 2757 2132 2822 dies
2177 2756 2637 2841 ingravesceret

296 2860 721 2946 factionesque
765 2863 833 2928 in
863 2865 1020 2929 urbe
1063 2865 1287 2930 fierent
1333 2864 1646 2949 simulque
1692 2864 1768 2929 de
1799 2863 2166 2948 captivitate
2212 2864 2377 2948 regis
2417 2866 2481 2929 et
2524 2862 2634 2928 de-

297 2968 535 3035 ditione
580 2969 760 3036 urbis
804 2971 971 3037 inter
1019 2991 1083 3037 se
1131 2972 1471 3055 agitarent,
1534 2975 1609 3038 ut
1653 2977 1717 3036 et
1761 2971 2114 3055 principem
2159 2971 2464 3036 offensum
2510 2970 2636 3036 sibi

296 3075 702 3141 reconcilient
746 3079 810 3142 et
855 3096 893 3141 a
936 3076 1153 3142 futura
1215 3077 1402 3143 famis
1446 3076 1805 3143 calamitate
1851 3098 1916 3143 se
1962 3077 2235 3161 eripiant
2251 3078 2296 3160 ⁸,
2347 3116 2430 3126 —
2476 3095 2635 3161 quae

509 3252 557 3322 a)
592 3249 721 3315 femt
755 3252 832 3306 im
866 3253 977 3308 Ms.

508 3447 556 3516 ι)
595 3448 650 3503 S.
688 3448 826 3502 dazu
862 3449 999 3503 oben
1037 3449 1092 3504 S.
1120 3450 1242 3519 639,
1279 3467 1359 3505 wo
1385 3449 1567 3505 Keras.
1591 3467 1691 3505 aus
1715 3450 1838 3505 dem
1863 3450 2248 3507 Gestandnisse
2284 3450 2378 3505 (les
2402 3450 2632 3506 Dieners

294 3536 389 3592 des
424 3536 626 3592 Malers
662 3536 882 3608 Ludger
903 3541 962 3593 to
986 3539 1133 3610 Ring
1165 3556 1288 3593 vom
1325 3539 1412 3594 23.
1448 3540 1581 3596 Dez.
1608 3540 1748 3594 1534
1783 3540 2046 3611 schopfto.
2099 3540 2226 3611 Vgl.
2251 3540 2391 3595 auch
2428 3540 2482 3596 S.
2510 3540 2632 3595 738.

506 3624 553 3694 ²)
590 3626 771 3682 Kerss.
809 3626 1056 3683 schliesst
1108 3628 1226 3682 sich
1278 3627 1399 3684 hier
1432 3628 1545 3683 und
1597 3630 1677 3683 im
1710 3628 2024 3700 Folgenden
2078 3628 2276 3684 wieder
2312 3646 2417 3700 eng
2453 3646 2524 3683 an
2560 3627 2630 3686 H.

292 3713 468 3785 Dorp
513 3714 599 3771 Bl.
637 3714 687 3770 G
708 3718 735 3769 l
776 3733 865 3772 an.
936 3716 1122 3772 Daher
1157 3715 1244 3772 die
1280 3716 1486 3772 falsche
1523 3717 1966 3789 chronologische
2001 3717 2354 3789 Einordnung
2406 3718 2502 3774 der
2537 3718 2630 3772 be·

291 3802 562 3858 richteten
597 3803 961 3860 Thatsachen.

507 3891 555 3960 ⁸)
595 3892 665 3947 So
702 3892 772 3948 H.
796 3893 973 3964 Dorp
1010 3911 1060 3951 a.
1081 3912 1132 3950 a.
1151 3894 1215 3950 Ο.
1267 3895 1380 3950 Das
1415 3896 1741 3951 Misstrauen
1767 3896 1860 3951 des
1884 3896 2083 3953 Volkes
2120 3912 2296 3968 gegen
2319 3895 2425 3951 den
2448 3896 2632 3966 Konig

292 3979 405 4034 und
441 3980 631 4036 dessen
666 3981 782 4036 Hos
825 3998 922 4038 aus
958 3982 1364 4055 Veranlassung
1399 3984 1495 4039 der
1528 3984 1885 4057 Entsendung
1918 4002 2021 4040 von
2059 3984 2197 4040 Geld
2231 3985 2344 4039 und
2377 3984 2631 4039 Biichern

294 4068 534 4124 erwahnt
570 4070 753 4126 Kerss.
787 4071 990 4127 bereits
1014 4073 1153 4127 oben
1188 4071 1244 4129 S.
1271 4071 1431 4129 7371.
1467 4089 1565 4128 aus
1602 4073 1707 4129 den
1732 4072 2158 4129 Gestflndnissen
2193 4073 2287 4128 des
2312 4073 2396 4128 W.
2421 4072 2629 4128 Schcif-

290 4158 419 4236 sart.
491 4158 816 4214 Dietrich
850 4177 973 4214 von
1009 4160 1366 4233 Hamburg
1407 4162 1495 4218 Bl.
1530 4162 1659 4218 Aa*
1693 4162 1849 4218 ffihrt
1883 4180 1970 4231 an,
2005 4163 2108 4218 wie
2143 4161 2231 4217 die
2265 4162 2477 4234 Biirger
2510 4161 2629 4218 sich

291 4246 656 4317 verwundern,
692 4248 826 4317 „das
860 4249 912 4303 ir
933 4249 1117 4320 Konig
1151 4267 1210 4304 so
1234 4249 1443 4306 rodlich
1477 4254 1627 4323 tregt
1661 4268 1767 4306 von
1802 4251 1968 4306 silber
2002 4251 2112 4306 und
2149 4251 2284 4322 golt,
2322 4268 2381 4306 so
2407 4267 2463 4307 es
2489 4250 2628 4307 doch

292 4334 428 4390 alles
466 4336 679 4407 gemein
714 4336 818 4392 soll
853 4340 987 4402 sein.
1039 4337 1152 4393 und
1189 4355 1245 4394 es
1280 4356 1377 4410 sey
1411 4339 1550 4394 doch
1583 4356 1727 4411 ynen
1762 4341 2037 4396 verboten.
2108 4339 2248 4411 Sagt
2283 4339 2379 4395 der
2413 4340 2625 4411 Konigz

252 4453 257 4456 -
291 4423 497 4496 Nempt
530 4425 655 4481 kein
693 4427 973 4498 ergcrnufs
998 4426 1191 4500 (hvon,
1227 4429 1421 4484 sonder
1444 4445 1503 4484 er
1525 4446 1622 4499 sey
1646 4428 1812 4485 (lanu
1837 4428 2049 4497 crwclt3
2087 4429 2199 4484 und
2221 4428 2445 4484 verbeut
2481 4429 2627 4499 ineu,

2406 4514 2537 4585 25*
