<?xml version="1.0" encoding="UTF-8"?>
<!DOCTYPE html PUBLIC "-//W3C//DTD XHTML 1.0 Transitional//EN"
    "http://www.w3.org/TR/xhtml1/DTD/xhtml1-transitional.dtd">
<html xmlns="http://www.w3.org/1999/xhtml" xml:lang="en" lang="en">
 <head>
  <title>
</title>
<meta http-equiv="Content-Type" content="text/html;charset=utf-8" />
  <meta name='ocr-system' content='tesseract 3.04.00' />
  <meta name='ocr-capabilities' content='ocr_page ocr_carea ocr_par ocr_line ocrx_word'/>
</head>
<body>
  <div class='ocr_page' id='page_1' title='image "./hermanniakersse00westgoog_0480.png"; bbox 0 0 3259 5075; ppageno 0'>
   <div class='ocr_carea' id='block_1_1' title="bbox 344 621 600 754">
    <p class='ocr_par' dir='ltr' id='par_1_1' title="bbox 344 621 600 754">
     <span class='ocr_line' id='line_1_1' title="bbox 344 621 600 693; baseline -0.008 -15"><span class='ocrx_word' id='word_1_1' title='bbox 344 621 442 693; x_wconf 62' lang='grc' dir='ltr'>Ἴ).</span> <span class='ocrx_word' id='word_1_2' title='bbox 481 624 600 676; x_wconf 75' lang='grc'>621.</span> 
     </span>
     <span class='ocr_line' id='line_1_2' title="bbox 404 710 595 754; baseline 0.01 -2"><span class='ocrx_word' id='word_1_3' title='bbox 404 713 445 754; x_wconf 89' lang='grc'>8.</span> <span class='ocrx_word' id='word_1_4' title='bbox 476 710 595 754; x_wconf 80' lang='lat' dir='ltr'>Juli.</span> 
     </span>
    </p>
   </div>
   <div class='ocr_carea' id='block_1_2' title="bbox 630 233 2104 300">
    <p class='ocr_par' dir='ltr' id='par_1_2' title="bbox 630 233 2104 300">
     <span class='ocr_line' id='line_1_3' title="bbox 630 233 2104 300; baseline -0.001 -1"><span class='ocrx_word' id='word_1_5' title='bbox 630 237 760 300; x_wconf 79' lang='lat'>856</span> <span class='ocrx_word' id='word_1_6' title='bbox 1493 233 1674 298; x_wconf 91' lang='lat' dir='ltr'>Anno</span> <span class='ocrx_word' id='word_1_7' title='bbox 1731 234 1900 298; x_wconf 78' lang='lat'>1535</span> <span class='ocrx_word' id='word_1_8' title='bbox 1947 234 2104 298; x_wconf 90' lang='lat' dir='ltr'>acta.</span> 
     </span>
    </p>
   </div>
   <div class='ocr_carea' id='block_1_3' title="bbox 612 407 2987 2934">
    <p class='ocr_par' dir='ltr' id='par_1_3' title="bbox 627 407 2987 920">
     <span class='ocr_line' id='line_1_4' title="bbox 628 407 2987 492; baseline -0.003 -15"><span class='ocrx_word' id='word_1_9' title='bbox 628 414 886 492; x_wconf 86' lang='lat' dir='ltr'>teneret,</span> <span class='ocrx_word' id='word_1_10' title='bbox 953 431 1024 476; x_wconf 85' lang='lat' dir='ltr'>ex</span> <span class='ocrx_word' id='word_1_11' title='bbox 1071 410 1491 475; x_wconf 73' lang='lat' dir='ltr'>diminutione</span> <span class='ocrx_word' id='word_1_12' title='bbox 1560 410 1847 474; x_wconf 88' lang='lat' dir='ltr'>ciborum</span> <span class='ocrx_word' id='word_1_13' title='bbox 1918 408 2385 491; x_wconf 87' lang='lat' dir='ltr'>anabaptistam</span> <span class='ocrx_word' id='word_1_14' title='bbox 2454 426 2668 476; x_wconf 85' lang='lat' dir='ltr'>secum</span> <span class='ocrx_word' id='word_1_15' title='bbox 2727 407 2987 472; x_wconf 84' lang='lat' dir='ltr'>latitare</span> 
     </span>
     <span class='ocr_line' id='line_1_5' title="bbox 629 513 2984 601; baseline -0.002 -19"><span class='ocrx_word' id='word_1_16' title='bbox 629 518 1052 601; x_wconf 88' lang='lat' dir='ltr'>suspicantur,</span> <span class='ocrx_word' id='word_1_17' title='bbox 1126 535 1313 600; x_wconf 91' lang='lat' dir='ltr'>quem</span> <span class='ocrx_word' id='word_1_18' title='bbox 1368 535 1513 580; x_wconf 88' lang='lat' dir='ltr'>cum</span> <span class='ocrx_word' id='word_1_19' title='bbox 1559 518 1850 580; x_wconf 88' lang='lat' dir='ltr'>accurate</span> <span class='ocrx_word' id='word_1_20' title='bbox 1897 517 1961 580; x_wconf 87' lang='lat' dir='ltr'>et</span> <span class='ocrx_word' id='word_1_21' title='bbox 2007 514 2347 597; x_wconf 89' lang='lat' dir='ltr'>diligenter</span> <span class='ocrx_word' id='word_1_22' title='bbox 2408 513 2829 597; x_wconf 81' lang='lat' dir='ltr'>inquirerent,</span> <span class='ocrx_word' id='word_1_23' title='bbox 2876 514 2984 578; x_wconf 89' lang='lat' dir='ltr'>in-</span> 
     </span>
     <span class='ocr_line' id='line_1_6' title="bbox 629 608 2986 704; baseline -0.003 -15"><span class='ocrx_word' id='word_1_24' title='bbox 629 625 910 704; x_wconf 84' lang='lat' dir='ltr'>veniunt,</span> <span class='ocrx_word' id='word_1_25' title='bbox 961 608 1291 688; x_wconf 84' lang='lat' dir='ltr'>inventum</span> <span class='ocrx_word' id='word_1_26' title='bbox 1338 624 1396 688; x_wconf 83' lang='lat'>8.</span> <span class='ocrx_word' id='word_1_27' title='bbox 1433 622 1587 687; x_wconf 86' lang='lat' dir='ltr'>Iulii</span> <span class='ocrx_word' id='word_1_28' title='bbox 1632 621 1711 685; x_wconf 88' lang='lat' dir='ltr'>ad</span> <span class='ocrx_word' id='word_1_29' title='bbox 1760 639 2050 703; x_wconf 88' lang='lat' dir='ltr'>campum</span> <span class='ocrx_word' id='word_1_30' title='bbox 2096 620 2484 684; x_wconf 87' lang='lat' dir='ltr'>dominicum</span> <span class='ocrx_word' id='word_1_31' title='bbox 2531 617 2717 684; x_wconf 80' lang='lat' dir='ltr'>*cum</span> <span class='ocrx_word' id='word_1_32' title='bbox 2744 619 2986 685; x_wconf 86' lang='lat' dir='ltr'>Catha-</span> 
     </span>
     <span class='ocr_line' id='line_1_7' title="bbox 627 726 2983 810; baseline -0.002 -15"><span class='ocrx_word' id='word_1_33' title='bbox 627 731 769 795; x_wconf 89' lang='lat' dir='ltr'>rina</span> <span class='ocrx_word' id='word_1_34' title='bbox 799 729 1186 794; x_wconf 89' lang='lat' dir='ltr'>Borchardes</span> <span class='ocrx_word' id='word_1_35' title='bbox 1229 731 1292 793; x_wconf 91' lang='lat' dir='ltr'>et</span> <span class='ocrx_word' id='word_1_36' title='bbox 1322 728 1611 810; x_wconf 89' lang='lat' dir='ltr'>Casparo,</span> <span class='ocrx_word' id='word_1_37' title='bbox 1661 727 1795 791; x_wconf 87' lang='lat' dir='ltr'>filio</span> <span class='ocrx_word' id='word_1_38' title='bbox 1842 727 2040 807; x_wconf 89' lang='lat' dir='ltr'>illius,</span> <span class='ocrx_word' id='word_1_39' title='bbox 2088 726 2496 808; x_wconf 86' lang='lat' dir='ltr'>protrahunt3</span> <span class='ocrx_word' id='word_1_40' title='bbox 2545 726 2640 790; x_wconf 90' lang='lat' dir='ltr'>ibi</span> <span class='ocrx_word' id='word_1_41' title='bbox 2675 726 2983 808; x_wconf 86' lang='lat' dir='ltr'>praecisis</span> 
     </span>
     <span class='ocr_line' id='line_1_8' title="bbox 629 833 2079 920; baseline -0.003 -19"><span class='ocrx_word' id='word_1_42' title='bbox 629 836 945 920; x_wconf 79' lang='lat' dir='ltr'>capitibus</span> <span class='ocrx_word' id='word_1_43' title='bbox 992 834 1506 918; x_wconf 75' lang='lat' dir='ltr'>transgressionis</span> <span class='ocrx_word' id='word_1_44' title='bbox 1553 853 1783 916; x_wconf 89' lang='lat' dir='ltr'>poenas</span> <span class='ocrx_word' id='word_1_45' title='bbox 1828 833 2021 897; x_wconf 91' lang='lat' dir='ltr'>luunt</span> <span class='ocrx_word' id='word_1_46' title='bbox 2038 835 2079 896; x_wconf 87' lang='lat'>¹.</span> 
     </span>
    </p>

    <p class='ocr_par' dir='ltr' id='par_1_4' title="bbox 612 938 2985 2934">
     <span class='ocr_line' id='line_1_9' title="bbox 842 938 2984 1024; baseline -0.001 -19"><span class='ocrx_word' id='word_1_47' title='bbox 842 941 961 1006; x_wconf 85' lang='lat' dir='ltr'>Sed</span> <span class='ocrx_word' id='word_1_48' title='bbox 993 942 1134 1024; x_wconf 90' lang='lat' dir='ltr'>quis</span> <span class='ocrx_word' id='word_1_49' title='bbox 1162 960 1374 1004; x_wconf 90' lang='lat' dir='ltr'>omnes</span> <span class='ocrx_word' id='word_1_50' title='bbox 1407 940 1805 1022; x_wconf 86' lang='lat' dir='ltr'>singulorum</span> <span class='ocrx_word' id='word_1_51' title='bbox 1830 938 2075 1003; x_wconf 89' lang='lat' dir='ltr'>dierum</span> <span class='ocrx_word' id='word_1_52' title='bbox 2107 938 2322 1002; x_wconf 89' lang='lat' dir='ltr'>caedes</span> <span class='ocrx_word' id='word_1_53' title='bbox 2356 958 2717 1003; x_wconf 90' lang='lat' dir='ltr'>enumerare</span> <span class='ocrx_word' id='word_1_54' title='bbox 2748 940 2984 1022; x_wconf 80' lang='lat' dir='ltr'>queat?</span> 
     </span>
     <span class='ocr_line' id='line_1_10' title="bbox 625 1044 2983 1129; baseline -0.002 -15"><span class='ocrx_word' id='word_1_55' title='bbox 625 1050 789 1114; x_wconf 88' lang='lat' dir='ltr'>Urbs</span> <span class='ocrx_word' id='word_1_56' title='bbox 835 1048 982 1112; x_wconf 92' lang='lat' dir='ltr'>inde</span> <span class='ocrx_word' id='word_1_57' title='bbox 1029 1050 1164 1111; x_wconf 90' lang='lat' dir='ltr'>tota</span> <span class='ocrx_word' id='word_1_58' title='bbox 1194 1046 1517 1129; x_wconf 85' lang='lat' dir='ltr'>diripitur,</span> <span class='ocrx_word' id='word_1_59' title='bbox 1567 1046 1898 1128; x_wconf 82' lang='lat' dir='ltr'>omniaque</span> <span class='ocrx_word' id='word_1_60' title='bbox 1942 1045 2107 1109; x_wconf 89' lang='lat' dir='ltr'>bona</span> <span class='ocrx_word' id='word_1_61' title='bbox 2135 1045 2398 1109; x_wconf 88' lang='lat' dir='ltr'>mobilia</span> <span class='ocrx_word' id='word_1_62' title='bbox 2442 1045 2576 1109; x_wconf 90' lang='lat' dir='ltr'>sine</span> <span class='ocrx_word' id='word_1_63' title='bbox 2608 1044 2983 1109; x_wconf 87' lang='lat' dir='ltr'>discrimine</span> 
     </span>
     <span class='ocr_line' id='line_1_11' title="bbox 625 1150 2985 1237; baseline -0.001 -20"><span class='ocrx_word' id='word_1_64' title='bbox 625 1155 693 1217; x_wconf 94' lang='lat' dir='ltr'>in</span> <span class='ocrx_word' id='word_1_65' title='bbox 739 1154 1035 1237; x_wconf 84' lang='lat' dir='ltr'>praedam</span> <span class='ocrx_word' id='word_1_66' title='bbox 1080 1155 1447 1231; x_wconf 86' lang='lat' dir='ltr'>vertuntur3</span> <span class='ocrx_word' id='word_1_67' title='bbox 1499 1151 1761 1233; x_wconf 85' lang='lat' dir='ltr'>praedae</span> <span class='ocrx_word' id='word_1_68' title='bbox 1809 1150 2108 1233; x_wconf 88' lang='lat' dir='ltr'>praefecti</span> <span class='ocrx_word' id='word_1_69' title='bbox 2155 1150 2649 1232; x_wconf 88' lang='lat' dir='ltr'>constituuntur,</span> <span class='ocrx_word' id='word_1_70' title='bbox 2699 1152 2809 1234; x_wconf 92' lang='lat' dir='ltr'>qui</span> <span class='ocrx_word' id='word_1_71' title='bbox 2852 1170 2985 1214; x_wconf 88' lang='lat' dir='ltr'>non</span> 
     </span>
     <span class='ocr_line' id='line_1_12' title="bbox 625 1257 2981 1341; baseline -0.001 -17"><span class='ocrx_word' id='word_1_72' title='bbox 625 1260 829 1324; x_wconf 89' lang='lat' dir='ltr'>solum</span> <span class='ocrx_word' id='word_1_73' title='bbox 861 1260 1024 1323; x_wconf 88' lang='lat' dir='ltr'>clero</span> <span class='ocrx_word' id='word_1_74' title='bbox 1072 1261 1136 1322; x_wconf 88' lang='lat' dir='ltr'>et</span> <span class='ocrx_word' id='word_1_75' title='bbox 1182 1259 1427 1323; x_wconf 85' lang='lat' dir='ltr'>civibus</span> <span class='ocrx_word' id='word_1_76' title='bbox 1476 1259 1554 1323; x_wconf 88' lang='lat' dir='ltr'>ab</span> <span class='ocrx_word' id='word_1_77' title='bbox 1587 1257 1770 1322; x_wconf 83' lang='lat' dir='ltr'>exilio</span> <span class='ocrx_word' id='word_1_78' title='bbox 1819 1257 2103 1339; x_wconf 84' lang='lat' dir='ltr'>reversiS,</span> <span class='ocrx_word' id='word_1_79' title='bbox 2155 1275 2375 1320; x_wconf 88' lang='lat' dir='ltr'>verum</span> <span class='ocrx_word' id='word_1_80' title='bbox 2405 1257 2595 1321; x_wconf 90' lang='lat' dir='ltr'>etiam</span> <span class='ocrx_word' id='word_1_81' title='bbox 2642 1257 2981 1341; x_wconf 73' lang='lat' dir='ltr'>quibusvis</span> 
     </span>
     <span class='ocr_line' id='line_1_13' title="bbox 624 1362 2978 1447; baseline -0.001 -17"><span class='ocrx_word' id='word_1_82' title='bbox 624 1366 1000 1431; x_wconf 78' lang='lat' dir='ltr'>exterraneis</span> <span class='ocrx_word' id='word_1_83' title='bbox 1049 1365 1251 1447; x_wconf 87' lang='lat' dir='ltr'>spolia</span> <span class='ocrx_word' id='word_1_84' title='bbox 1297 1364 1650 1428; x_wconf 86' lang='lat' dir='ltr'>divendunt</span> <span class='ocrx_word' id='word_1_85' title='bbox 1694 1366 1758 1428; x_wconf 92' lang='lat' dir='ltr'>et</span> <span class='ocrx_word' id='word_1_86' title='bbox 1799 1364 2081 1445; x_wconf 86' lang='lat' dir='ltr'>precium</span> <span class='ocrx_word' id='word_1_87' title='bbox 2128 1363 2197 1427; x_wconf 90' lang='lat' dir='ltr'>in</span> <span class='ocrx_word' id='word_1_88' title='bbox 2248 1382 2576 1427; x_wconf 90' lang='lat' dir='ltr'>commune</span> <span class='ocrx_word' id='word_1_89' title='bbox 2620 1362 2978 1427; x_wconf 90' lang='lat' dir='ltr'>conferunt.</span> 
     </span>
     <span class='ocr_line' id='line_1_14' title="bbox 624 1469 2981 1552; baseline -0.002 -16"><span class='ocrx_word' id='word_1_90' title='bbox 624 1472 940 1552; x_wconf 85' lang='lat' dir='ltr'>Quaedam</span> <span class='ocrx_word' id='word_1_91' title='bbox 985 1473 1148 1535; x_wconf 91' lang='lat' dir='ltr'>bona</span> <span class='ocrx_word' id='word_1_92' title='bbox 1195 1472 1286 1534; x_wconf 89' lang='lat' dir='ltr'>ita</span> <span class='ocrx_word' id='word_1_93' title='bbox 1333 1469 1795 1551; x_wconf 89' lang='lat' dir='ltr'>distrahuntur,</span> <span class='ocrx_word' id='word_1_94' title='bbox 1845 1472 1920 1533; x_wconf 91' lang='lat' dir='ltr'>ut</span> <span class='ocrx_word' id='word_1_95' title='bbox 1964 1469 2143 1533; x_wconf 88' lang='lat' dir='ltr'>nulla</span> <span class='ocrx_word' id='word_1_96' title='bbox 2188 1469 2315 1533; x_wconf 88' lang='lat' dir='ltr'>fere</span> <span class='ocrx_word' id='word_1_97' title='bbox 2364 1470 2449 1533; x_wconf 91' lang='lat' dir='ltr'>sit</span> <span class='ocrx_word' id='word_1_98' title='bbox 2494 1469 2663 1551; x_wconf 85' lang='lat' dir='ltr'>regio</span> <span class='ocrx_word' id='word_1_99' title='bbox 2711 1469 2981 1533; x_wconf 84' lang='lat' dir='ltr'>Germa-</span> 
     </span>
     <span class='ocr_line' id='line_1_15' title="bbox 621 1575 2983 1660; baseline -0.002 -18"><span class='ocrx_word' id='word_1_100' title='bbox 621 1579 789 1659; x_wconf 87' lang='lat' dir='ltr'>niae,</span> <span class='ocrx_word' id='word_1_101' title='bbox 861 1579 927 1641; x_wconf 91' lang='lat' dir='ltr'>in</span> <span class='ocrx_word' id='word_1_102' title='bbox 976 1597 1165 1660; x_wconf 89' lang='lat' dir='ltr'>quam</span> <span class='ocrx_word' id='word_1_103' title='bbox 1213 1576 1444 1659; x_wconf 87' lang='lat' dir='ltr'>praeda</span> <span class='ocrx_word' id='word_1_104' title='bbox 1512 1595 1638 1640; x_wconf 89' lang='lat' dir='ltr'>non</span> <span class='ocrx_word' id='word_1_105' title='bbox 1685 1577 1771 1639; x_wconf 93' lang='lat' dir='ltr'>sit</span> <span class='ocrx_word' id='word_1_106' title='bbox 1814 1575 2013 1639; x_wconf 88' lang='lat' dir='ltr'>illata.</span> <span class='ocrx_word' id='word_1_107' title='bbox 2109 1576 2304 1640; x_wconf 84' lang='lat' dir='ltr'>Multi</span> <span class='ocrx_word' id='word_1_108' title='bbox 2350 1576 2543 1640; x_wconf 89' lang='lat' dir='ltr'>etiam</span> <span class='ocrx_word' id='word_1_109' title='bbox 2603 1575 2769 1638; x_wconf 82' lang='lat' dir='ltr'>cives</span> <span class='ocrx_word' id='word_1_110' title='bbox 2830 1577 2983 1656; x_wconf 89' lang='lat' dir='ltr'>post</span> 
     </span>
     <span class='ocr_line' id='line_1_16' title="bbox 621 1681 2982 1764; baseline -0.001 -18"><span class='ocrx_word' id='word_1_111' title='bbox 621 1683 997 1748; x_wconf 89' lang='lat' dir='ltr'>diuturnum</span> <span class='ocrx_word' id='word_1_112' title='bbox 1043 1683 1302 1747; x_wconf 82' lang='lat' dir='ltr'>exilium</span> <span class='ocrx_word' id='word_1_113' title='bbox 1349 1682 1581 1747; x_wconf 86' lang='lat' dir='ltr'>reversi</span> <span class='ocrx_word' id='word_1_114' title='bbox 1630 1702 1744 1747; x_wconf 90' lang='lat' dir='ltr'>sua</span> <span class='ocrx_word' id='word_1_115' title='bbox 1788 1682 1951 1747; x_wconf 89' lang='lat' dir='ltr'>bona</span> <span class='ocrx_word' id='word_1_116' title='bbox 1997 1683 2272 1764; x_wconf 91' lang='lat' dir='ltr'>spolium</span> <span class='ocrx_word' id='word_1_117' title='bbox 2317 1681 2446 1745; x_wconf 90' lang='lat' dir='ltr'>iam</span> <span class='ocrx_word' id='word_1_118' title='bbox 2480 1681 2645 1746; x_wconf 88' lang='lat' dir='ltr'>facta</span> <span class='ocrx_word' id='word_1_119' title='bbox 2688 1700 2813 1745; x_wconf 92' lang='lat' dir='ltr'>non</span> <span class='ocrx_word' id='word_1_120' title='bbox 2850 1681 2982 1744; x_wconf 81' lang='lat' dir='ltr'>mi-</span> 
     </span>
     <span class='ocr_line' id='line_1_17' title="bbox 621 1788 2981 1873; baseline -0.001 -20"><span class='ocrx_word' id='word_1_121' title='bbox 621 1791 791 1855; x_wconf 89' lang='lat' dir='ltr'>noris</span> <span class='ocrx_word' id='word_1_122' title='bbox 840 1810 1028 1873; x_wconf 88' lang='lat' dir='ltr'>quam</span> <span class='ocrx_word' id='word_1_123' title='bbox 1075 1790 1279 1854; x_wconf 90' lang='lat' dir='ltr'>aliena</span> <span class='ocrx_word' id='word_1_124' title='bbox 1323 1790 1664 1869; x_wconf 89' lang='lat' dir='ltr'>redimunt,</span> <span class='ocrx_word' id='word_1_125' title='bbox 1715 1790 2022 1853; x_wconf 90' lang='lat' dir='ltr'>bonorum</span> <span class='ocrx_word' id='word_1_126' title='bbox 2063 1808 2207 1853; x_wconf 88' lang='lat' dir='ltr'>vero</span> <span class='ocrx_word' id='word_1_127' title='bbox 2255 1788 2679 1853; x_wconf 89' lang='lat' dir='ltr'>immobilium</span> <span class='ocrx_word' id='word_1_128' title='bbox 2725 1806 2981 1869; x_wconf 87' lang='lat' dir='ltr'>posses-</span> 
     </span>
     <span class='ocr_line' id='line_1_18' title="bbox 621 1893 2979 1979; baseline -0.002 -18"><span class='ocrx_word' id='word_1_129' title='bbox 621 1897 856 1961; x_wconf 89' lang='lat' dir='ltr'>sionem</span> <span class='ocrx_word' id='word_1_130' title='bbox 907 1896 1184 1979; x_wconf 85' lang='lat' dir='ltr'>gratuito</span> <span class='ocrx_word' id='word_1_131' title='bbox 1232 1897 1609 1977; x_wconf 87' lang='lat' dir='ltr'>recuperant</span> <span class='ocrx_word' id='word_1_132' title='bbox 1628 1896 1669 1958; x_wconf 79' lang='lat'>2.</span> <span class='ocrx_word' id='word_1_133' title='bbox 1765 1894 1851 1958; x_wconf 90' lang='lat' dir='ltr'>At</span> <span class='ocrx_word' id='word_1_134' title='bbox 1897 1894 2311 1959; x_wconf 90' lang='lat' dir='ltr'>retinctorum</span> <span class='ocrx_word' id='word_1_135' title='bbox 2357 1915 2455 1958; x_wconf 89' lang='lat' dir='ltr'>res</span> <span class='ocrx_word' id='word_1_136' title='bbox 2500 1893 2856 1958; x_wconf 88' lang='lat' dir='ltr'>immobiles</span> <span class='ocrx_word' id='word_1_137' title='bbox 2906 1893 2979 1957; x_wconf 91' lang='lat' dir='ltr'>in</span> 
     </span>
     <span class='ocr_line' id='line_1_19' title="bbox 621 1999 2980 2085; baseline -0.002 -18"><span class='ocrx_word' id='word_1_138' title='bbox 621 2022 1015 2067; x_wconf 88' lang='lat' dir='ltr'>communem</span> <span class='ocrx_word' id='word_1_139' title='bbox 1061 2002 1302 2085; x_wconf 86' lang='lat' dir='ltr'>patriae</span> <span class='ocrx_word' id='word_1_140' title='bbox 1349 2001 1699 2065; x_wconf 87' lang='lat' dir='ltr'>utilitatem</span> <span class='ocrx_word' id='word_1_141' title='bbox 1746 2003 1810 2065; x_wconf 92' lang='lat' dir='ltr'>et</span> <span class='ocrx_word' id='word_1_142' title='bbox 1856 2001 2284 2083; x_wconf 87' lang='lat' dir='ltr'>impensarum</span> <span class='ocrx_word' id='word_1_143' title='bbox 2330 2001 2640 2065; x_wconf 88' lang='lat' dir='ltr'>factarum</span> <span class='ocrx_word' id='word_1_144' title='bbox 2687 1999 2980 2063; x_wconf 83' lang='lat' dir='ltr'>levamen</span> 
     </span>
     <span class='ocr_line' id='line_1_20' title="bbox 620 2106 2977 2191; baseline -0.002 -18"><span class='ocrx_word' id='word_1_145' title='bbox 620 2110 1059 2190; x_wconf 89' lang='lat' dir='ltr'>confiscantur,</span> <span class='ocrx_word' id='word_1_146' title='bbox 1121 2109 1198 2172; x_wconf 88' lang='lat' dir='ltr'>ad</span> <span class='ocrx_word' id='word_1_147' title='bbox 1247 2127 1516 2191; x_wconf 87' lang='lat' dir='ltr'>quarum</span> <span class='ocrx_word' id='word_1_148' title='bbox 1575 2107 2002 2172; x_wconf 87' lang='lat' dir='ltr'>venditionem</span> <span class='ocrx_word' id='word_1_149' title='bbox 2049 2128 2120 2172; x_wconf 85' lang='lat' dir='ltr'>ex</span> <span class='ocrx_word' id='word_1_150' title='bbox 2182 2110 2451 2191; x_wconf 87' lang='lat' dir='ltr'>quatuor</span> <span class='ocrx_word' id='word_1_151' title='bbox 2519 2106 2820 2170; x_wconf 85' lang='lat' dir='ltr'>dioecesis</span> <span class='ocrx_word' id='word_1_152' title='bbox 2869 2125 2977 2169; x_wconf 92' lang='lat' dir='ltr'>or·-</span> 
     </span>
     <span class='ocr_line' id='line_1_21' title="bbox 618 2212 2975 2298; baseline -0.001 -20"><span class='ocrx_word' id='word_1_153' title='bbox 618 2215 875 2279; x_wconf 89' lang='lat' dir='ltr'>dinibus</span> <span class='ocrx_word' id='word_1_154' title='bbox 922 2215 1044 2278; x_wconf 85' lang='lat' dir='ltr'>viri</span> <span class='ocrx_word' id='word_1_155' title='bbox 1090 2234 1310 2298; x_wconf 87' lang='lat' dir='ltr'>graves</span> <span class='ocrx_word' id='word_1_156' title='bbox 1358 2215 1765 2297; x_wconf 87' lang='lat' dir='ltr'>deputantur,</span> <span class='ocrx_word' id='word_1_157' title='bbox 1815 2234 1848 2279; x_wconf 86' lang='lat' dir='ltr'>a</span> <span class='ocrx_word' id='word_1_158' title='bbox 1896 2214 2183 2297; x_wconf 89' lang='lat' dir='ltr'>principe</span> <span class='ocrx_word' id='word_1_159' title='bbox 2229 2213 2597 2278; x_wconf 86' lang='lat' dir='ltr'>Fredericus</span> <span class='ocrx_word' id='word_1_160' title='bbox 2641 2232 2677 2275; x_wconf 87' lang='lat' dir='ltr'>a</span> <span class='ocrx_word' id='word_1_161' title='bbox 2704 2212 2975 2293; x_wconf 83' lang='lat' dir='ltr'>Twisth,</span> 
     </span>
     <span class='ocr_line' id='line_1_22' title="bbox 616 2320 2977 2404; baseline -0.001 -20"><span class='ocrx_word' id='word_1_162' title='bbox 616 2323 969 2403; x_wconf 85' lang='lat' dir='ltr'>praefectus</span> <span class='ocrx_word' id='word_1_163' title='bbox 1017 2322 1346 2404; x_wconf 87' lang='lat' dir='ltr'>praetorio,</span> <span class='ocrx_word' id='word_1_164' title='bbox 1398 2323 1461 2385; x_wconf 95' lang='lat' dir='ltr'>et</span> <span class='ocrx_word' id='word_1_165' title='bbox 1505 2321 1859 2386; x_wconf 83' lang='lat' dir='ltr'>Everardus</span> <span class='ocrx_word' id='word_1_166' title='bbox 1908 2321 2263 2404; x_wconf 86' lang='lat' dir='ltr'>Moringus,</span> <span class='ocrx_word' id='word_1_167' title='bbox 2323 2323 2573 2403; x_wconf 86' lang='lat' dir='ltr'>satrapa</span> <span class='ocrx_word' id='word_1_168' title='bbox 2618 2320 2977 2383; x_wconf 89' lang='lat' dir='ltr'>Vastenou-</span> 
     </span>
     <span class='ocr_line' id='line_1_23' title="bbox 617 2425 2977 2511; baseline -0.001 -20"><span class='ocrx_word' id='word_1_169' title='bbox 617 2428 873 2509; x_wconf 84' lang='lat' dir='ltr'>wensis3</span> <span class='ocrx_word' id='word_1_170' title='bbox 924 2448 957 2491; x_wconf 89' lang='lat' dir='ltr'>a</span> <span class='ocrx_word' id='word_1_171' title='bbox 991 2429 1268 2511; x_wconf 88' lang='lat' dir='ltr'>capitulo</span> <span class='ocrx_word' id='word_1_172' title='bbox 1315 2430 1391 2492; x_wconf 94' lang='lat' dir='ltr'>D.</span> <span class='ocrx_word' id='word_1_173' title='bbox 1427 2428 1738 2510; x_wconf 86' lang='lat' dir='ltr'>Rotgerus</span> <span class='ocrx_word' id='word_1_174' title='bbox 1787 2428 2161 2511; x_wconf 76' lang='lat' dir='ltr'>SmisinguS,</span> <span class='ocrx_word' id='word_1_175' title='bbox 2213 2427 2571 2507; x_wconf 87' lang='lat' dir='ltr'>scholaster,</span> <span class='ocrx_word' id='word_1_176' title='bbox 2623 2427 2686 2490; x_wconf 90' lang='lat' dir='ltr'>et</span> <span class='ocrx_word' id='word_1_177' title='bbox 2731 2426 2807 2489; x_wconf 90' lang='lat' dir='ltr'>D.</span> <span class='ocrx_word' id='word_1_178' title='bbox 2846 2425 2977 2490; x_wconf 82' lang='lat' dir='ltr'>Ge-</span> 
     </span>
     <span class='ocr_line' id='line_1_24' title="bbox 617 2532 2975 2616; baseline -0.001 -18"><span class='ocrx_word' id='word_1_179' title='bbox 617 2534 830 2616; x_wconf 85' lang='lat' dir='ltr'>orgius</span> <span class='ocrx_word' id='word_1_180' title='bbox 878 2537 955 2599; x_wconf 88' lang='lat' dir='ltr'>ab</span> <span class='ocrx_word' id='word_1_181' title='bbox 1003 2534 1326 2616; x_wconf 88' lang='lat' dir='ltr'>Haitzfelt,</span> <span class='ocrx_word' id='word_1_182' title='bbox 1377 2534 1740 2614; x_wconf 88' lang='lat' dir='ltr'>bursarius;</span> <span class='ocrx_word' id='word_1_183' title='bbox 1791 2555 1827 2599; x_wconf 89' lang='lat' dir='ltr'>a</span> <span class='ocrx_word' id='word_1_184' title='bbox 1856 2534 2125 2599; x_wconf 89' lang='lat' dir='ltr'>militari</span> <span class='ocrx_word' id='word_1_185' title='bbox 2170 2533 2386 2599; x_wconf 90' lang='lat' dir='ltr'>ordine</span> <span class='ocrx_word' id='word_1_186' title='bbox 2433 2532 2749 2598; x_wconf 86' lang='lat' dir='ltr'>Gerardus</span> <span class='ocrx_word' id='word_1_187' title='bbox 2796 2533 2975 2596; x_wconf 84' lang='lat' dir='ltr'>Mor-</span> 
     </span>
     <span class='ocr_line' id='line_1_25' title="bbox 616 2639 2974 2722; baseline 0 -19"><span class='ocrx_word' id='word_1_188' title='bbox 616 2640 779 2720; x_wconf 86' lang='lat' dir='ltr'>rien,</span> <span class='ocrx_word' id='word_1_189' title='bbox 843 2640 1230 2722; x_wconf 89' lang='lat' dir='ltr'>hipparchus</span> <span class='ocrx_word' id='word_1_190' title='bbox 1279 2640 1605 2721; x_wconf 80' lang='lat' dir='ltr'>dioecesiS‚</span> <span class='ocrx_word' id='word_1_191' title='bbox 1670 2643 1733 2704; x_wconf 91' lang='lat' dir='ltr'>et</span> <span class='ocrx_word' id='word_1_192' title='bbox 1778 2641 2041 2704; x_wconf 87' lang='lat' dir='ltr'>Ioannes</span> <span class='ocrx_word' id='word_1_193' title='bbox 2088 2661 2125 2704; x_wconf 92' lang='lat' dir='ltr'>a</span> <span class='ocrx_word' id='word_1_194' title='bbox 2169 2641 2467 2721; x_wconf 80' lang='lat' dir='ltr'>Mervelt3</span> <span class='ocrx_word' id='word_1_195' title='bbox 2517 2659 2554 2703; x_wconf 91' lang='lat' dir='ltr'>a</span> <span class='ocrx_word' id='word_1_196' title='bbox 2596 2639 2974 2703; x_wconf 84' lang='lat' dir='ltr'>civitatibus</span> 
     </span>
     <span class='ocr_line' id='line_1_26' title="bbox 615 2746 2971 2827; baseline 0 -19"><span class='ocrx_word' id='word_1_197' title='bbox 615 2746 914 2811; x_wconf 90' lang='lat' dir='ltr'>dioecesis</span> <span class='ocrx_word' id='word_1_198' title='bbox 961 2747 1372 2812; x_wconf 89' lang='lat' dir='ltr'>Wilbrandus</span> <span class='ocrx_word' id='word_1_199' title='bbox 1420 2747 1692 2827; x_wconf 84' lang='lat' dir='ltr'>PlonieS,</span> <span class='ocrx_word' id='word_1_200' title='bbox 1746 2746 1965 2812; x_wconf 90' lang='lat' dir='ltr'>consul</span> <span class='ocrx_word' id='word_1_201' title='bbox 2012 2746 2541 2827; x_wconf 85' lang='lat' dir='ltr'>Monasteriensis,</span> <span class='ocrx_word' id='word_1_202' title='bbox 2591 2747 2655 2809; x_wconf 91' lang='lat' dir='ltr'>et</span> <span class='ocrx_word' id='word_1_203' title='bbox 2699 2746 2971 2810; x_wconf 89' lang='lat' dir='ltr'>Ioannes</span> 
     </span>
     <span class='ocr_line' id='line_1_27' title="bbox 612 2852 1764 2934; baseline 0 -17"><span class='ocrx_word' id='word_1_204' title='bbox 612 2873 650 2917; x_wconf 90' lang='lat' dir='ltr'>a</span> <span class='ocrx_word' id='word_1_205' title='bbox 696 2852 908 2934; x_wconf 85' lang='lat' dir='ltr'>Graes,</span> <span class='ocrx_word' id='word_1_206' title='bbox 958 2853 1178 2917; x_wconf 89' lang='lat' dir='ltr'>consul</span> <span class='ocrx_word' id='word_1_207' title='bbox 1224 2853 1703 2917; x_wconf 85' lang='lat' dir='ltr'>Coesfeldiensis</span> <span class='ocrx_word' id='word_1_208' title='bbox 1724 2855 1764 2918; x_wconf 75' lang='lat'>⁸.</span> 
     </span>
    </p>
   </div>
   <div class='ocr_carea' id='block_1_4' title="bbox 620 2996 1045 3007">
    <p class='ocr_par' dir='ltr' id='par_1_5' title="bbox 620 2996 1045 3007">
     <span class='ocr_line' id='line_1_28' title="bbox 620 2996 1045 3007; baseline 0 0"><span class='ocrx_word' id='word_1_209' title='bbox 620 2996 1045 3007; x_wconf 95' lang='lat' dir='ltr'> </span> 
     </span>
    </p>
   </div>
   <div class='ocr_carea' id='block_1_5' title="bbox 606 3062 2976 4374">
    <p class='ocr_par' dir='ltr' id='par_1_6' title="bbox 606 3062 2976 4374">
     <span class='ocr_line' id='line_1_29' title="bbox 786 3062 2974 3134; baseline 0 -16"><span class='ocrx_word' id='word_1_210' title='bbox 786 3066 825 3129; x_wconf 89' lang='lat'>¹)</span> <span class='ocrx_word' id='word_1_211' title='bbox 851 3065 954 3119; x_wconf 91' lang='lat' dir='ltr'>Die</span> <span class='ocrx_word' id='word_1_212' title='bbox 972 3065 1341 3134; x_wconf 83' lang='lat' dir='ltr'>Hinrichtung</span> <span class='ocrx_word' id='word_1_213' title='bbox 1359 3064 1884 3119; x_wconf 85' lang='lat' dir='ltr'>E.Ricmensnider&#39;s</span> <span class='ocrx_word' id='word_1_214' title='bbox 1905 3065 2148 3119; x_wconf 67' lang='lat' dir='ltr'>erwiihnt</span> <span class='ocrx_word' id='word_1_215' title='bbox 2166 3064 2295 3118; x_wconf 85' lang='lat' dir='ltr'>kurz</span> <span class='ocrx_word' id='word_1_216' title='bbox 2318 3064 2458 3118; x_wconf 84' lang='lat' dir='ltr'>auch</span> <span class='ocrx_word' id='word_1_217' title='bbox 2477 3064 2544 3117; x_wconf 91' lang='lat' dir='ltr'>D.</span> <span class='ocrx_word' id='word_1_218' title='bbox 2563 3063 2740 3117; x_wconf 90' lang='lat' dir='ltr'>Lilie</span> <span class='ocrx_word' id='word_1_219' title='bbox 2768 3062 2821 3117; x_wconf 88' lang='lat' dir='ltr'>S.</span> <span class='ocrx_word' id='word_1_220' title='bbox 2843 3064 2974 3119; x_wconf 83' lang='lat'><strong>260.</strong></span> 
     </span>
     <span class='ocr_line' id='line_1_30' title="bbox 779 3151 2973 3223; baseline 0 -17"><span class='ocrx_word' id='word_1_221' title='bbox 779 3152 820 3221; x_wconf 71' lang='lat'>⁹)</span> <span class='ocrx_word' id='word_1_222' title='bbox 860 3154 944 3207; x_wconf 91' lang='lat' dir='ltr'>Im</span> <span class='ocrx_word' id='word_1_223' title='bbox 980 3153 1205 3207; x_wconf 87' lang='lat' dir='ltr'>Bericht</span> <span class='ocrx_word' id='word_1_224' title='bbox 1241 3153 1489 3208; x_wconf 82' lang='lat' dir='ltr'>Wirich&#39;s</span> <span class='ocrx_word' id='word_1_225' title='bbox 1527 3172 1575 3209; x_wconf 82' lang='lat' dir='ltr'>v.</span> <span class='ocrx_word' id='word_1_226' title='bbox 1613 3154 1813 3207; x_wconf 87' lang='lat' dir='ltr'>Dhaun</span> <span class='ocrx_word' id='word_1_227' title='bbox 1850 3153 1962 3206; x_wconf 90' lang='lat' dir='ltr'>und</span> <span class='ocrx_word' id='word_1_228' title='bbox 2000 3153 2095 3207; x_wconf 90' lang='lat' dir='ltr'>der</span> <span class='ocrx_word' id='word_1_229' title='bbox 2132 3153 2449 3223; x_wconf 71' lang='lat' dir='ltr'>Kriegsriite</span> <span class='ocrx_word' id='word_1_230' title='bbox 2484 3153 2574 3206; x_wconf 80' lang='lat' dir='ltr'>fiir</span> <span class='ocrx_word' id='word_1_231' title='bbox 2610 3151 2821 3205; x_wconf 87' lang='lat' dir='ltr'>Worms</span> <span class='ocrx_word' id='word_1_232' title='bbox 2868 3152 2973 3219; x_wconf 75' lang='lat' dir='ltr'>(M.</span> 
     </span>
     <span class='ocr_line' id='line_1_31' title="bbox 612 3240 2973 3311; baseline -0.001 -15"><span class='ocrx_word' id='word_1_233' title='bbox 612 3241 769 3308; x_wconf 83' lang='lat' dir='ltr'><strong>G.-Q.</strong></span> <span class='ocrx_word' id='word_1_234' title='bbox 807 3241 885 3309; x_wconf 93' lang='lat' dir='ltr'>II,</span> <span class='ocrx_word' id='word_1_235' title='bbox 924 3241 1051 3305; x_wconf 77' lang='lat'>397)</span> <span class='ocrx_word' id='word_1_236' title='bbox 1093 3242 1259 3296; x_wconf 87' lang='lat' dir='ltr'>heisst</span> <span class='ocrx_word' id='word_1_237' title='bbox 1296 3260 1351 3296; x_wconf 89' lang='lat' dir='ltr'>es</span> <span class='ocrx_word' id='word_1_238' title='bbox 1391 3243 1445 3295; x_wconf 91' lang='lat' dir='ltr'>in</span> <span class='ocrx_word' id='word_1_239' title='bbox 1482 3242 1671 3311; x_wconf 87' lang='lat' dir='ltr'>Bezug</span> <span class='ocrx_word' id='word_1_240' title='bbox 1707 3242 1944 3295; x_wconf 85' lang='lat' dir='ltr'>hierauf:</span> <span class='ocrx_word' id='word_1_241' title='bbox 1984 3240 2086 3310; x_wconf 91' lang='lat' dir='ltr'>„In</span> <span class='ocrx_word' id='word_1_242' title='bbox 2127 3241 2311 3296; x_wconf 88' lang='lat' dir='ltr'>diesen</span> <span class='ocrx_word' id='word_1_243' title='bbox 2349 3245 2515 3311; x_wconf 81' lang='lat' dir='ltr'>tagen</span> <span class='ocrx_word' id='word_1_244' title='bbox 2552 3242 2626 3294; x_wconf 83' lang='lat' dir='ltr'>ist</span> <span class='ocrx_word' id='word_1_245' title='bbox 2664 3240 2815 3306; x_wconf 71' lang='grc'>81103,</span> <span class='ocrx_word' id='word_1_246' title='bbox 2856 3257 2973 3294; x_wconf 81' lang='lat' dir='ltr'>was</span> 
     </span>
     <span class='ocr_line' id='line_1_32' title="bbox 610 3327 2971 3400; baseline -0.001 -17"><span class='ocrx_word' id='word_1_247' title='bbox 610 3330 748 3383; x_wconf 89' lang='lat' dir='ltr'>noch</span> <span class='ocrx_word' id='word_1_248' title='bbox 788 3330 875 3384; x_wconf 84' lang='lat' dir='ltr'>fur</span> <span class='ocrx_word' id='word_1_249' title='bbox 910 3330 1189 3384; x_wconf 84' lang='lat' dir='ltr'>haussrate</span> <span class='ocrx_word' id='word_1_250' title='bbox 1226 3332 1281 3383; x_wconf 90' lang='lat' dir='ltr'>in</span> <span class='ocrx_word' id='word_1_251' title='bbox 1322 3331 1426 3384; x_wconf 86' lang='lat' dir='ltr'>den</span> <span class='ocrx_word' id='word_1_252' title='bbox 1463 3330 1696 3384; x_wconf 84' lang='lat' dir='ltr'>heusern</span> <span class='ocrx_word' id='word_1_253' title='bbox 1746 3347 2006 3400; x_wconf 85' lang='lat' dir='ltr'>gewesen,</span> <span class='ocrx_word' id='word_1_254' title='bbox 2045 3347 2148 3383; x_wconf 78' lang='lat' dir='ltr'>von</span> <span class='ocrx_word' id='word_1_255' title='bbox 2187 3330 2290 3384; x_wconf 90' lang='lat' dir='ltr'>den</span> <span class='ocrx_word' id='word_1_256' title='bbox 2327 3330 2745 3395; x_wconf 83' lang='lat' dir='ltr'>bowtmeistcrn‚</span> <span class='ocrx_word' id='word_1_257' title='bbox 2800 3327 2971 3381; x_wconf 83' lang='lat' dir='ltr'>deren</span> 
     </span>
     <span class='ocr_line' id='line_1_33' title="bbox 609 3418 2971 3489; baseline -0 -18"><span class='ocrx_word' id='word_1_258' title='bbox 609 3436 712 3471; x_wconf 81' lang='lat' dir='ltr'>von</span> <span class='ocrx_word' id='word_1_259' title='bbox 741 3418 880 3472; x_wconf 88' lang='lat' dir='ltr'>idem</span> <span class='ocrx_word' id='word_1_260' title='bbox 908 3419 1078 3473; x_wconf 89' lang='lat' dir='ltr'>fenlin</span> <span class='ocrx_word' id='word_1_261' title='bbox 1104 3420 1202 3489; x_wconf 77' lang='lat' dir='ltr'>dry</span> <span class='ocrx_word' id='word_1_262' title='bbox 1230 3420 1492 3488; x_wconf 84' lang='lat' dir='ltr'>geordent</span> <span class='ocrx_word' id='word_1_263' title='bbox 1517 3437 1776 3489; x_wconf 85' lang='lat' dir='ltr'>gewesen,</span> <span class='ocrx_word' id='word_1_264' title='bbox 1815 3419 2194 3489; x_wconf 85' lang='lat' dir='ltr'>ufgcschriben</span> <span class='ocrx_word' id='word_1_265' title='bbox 2220 3419 2434 3472; x_wconf 84' lang='lat' dir='ltr'>worden</span> <span class='ocrx_word' id='word_1_266' title='bbox 2460 3418 2572 3471; x_wconf 90' lang='lat' dir='ltr'>und</span> <span class='ocrx_word' id='word_1_267' title='bbox 2598 3418 2701 3471; x_wconf 90' lang='lat' dir='ltr'>den</span> <span class='ocrx_word' id='word_1_268' title='bbox 2726 3419 2971 3487; x_wconf 64' lang='lat' dir='ltr'>ienigem</span> 
     </span>
     <span class='ocr_line' id='line_1_34' title="bbox 611 3505 2969 3577; baseline 0 -17"><span class='ocrx_word' id='word_1_269' title='bbox 611 3524 669 3560; x_wconf 87' lang='lat' dir='ltr'>so</span> <span class='ocrx_word' id='word_1_270' title='bbox 707 3506 1087 3576; x_wconf 85' lang='lat' dir='ltr'>ufsgewichen,</span> <span class='ocrx_word' id='word_1_271' title='bbox 1140 3507 1236 3560; x_wconf 86' lang='lat' dir='ltr'>das</span> <span class='ocrx_word' id='word_1_272' title='bbox 1275 3510 1353 3561; x_wconf 87' lang='lat' dir='ltr'>ire</span> <span class='ocrx_word' id='word_1_273' title='bbox 1390 3508 1555 3561; x_wconf 88' lang='lat' dir='ltr'>wider</span> <span class='ocrx_word' id='word_1_274' title='bbox 1592 3525 1661 3560; x_wconf 87' lang='lat' dir='ltr'>zu</span> <span class='ocrx_word' id='word_1_275' title='bbox 1696 3508 1915 3562; x_wconf 86' lang='lat' dir='ltr'>kauffen</span> <span class='ocrx_word' id='word_1_276' title='bbox 1950 3512 2197 3577; x_wconf 82' lang='lat' dir='ltr'>vergunt.</span> <span class='ocrx_word' id='word_1_277' title='bbox 2273 3507 2377 3561; x_wconf 88' lang='lat' dir='ltr'>Wu</span> <span class='ocrx_word' id='word_1_278' title='bbox 2415 3507 2502 3560; x_wconf 87' lang='lat' dir='ltr'>die</span> <span class='ocrx_word' id='word_1_279' title='bbox 2539 3507 2625 3559; x_wconf 92' lang='lat' dir='ltr'>nit</span> <span class='ocrx_word' id='word_1_280' title='bbox 2660 3505 2969 3560; x_wconf 82' lang='lat' dir='ltr'>furhanden</span> 
     </span>
     <span class='ocr_line' id='line_1_35' title="bbox 609 3594 2975 3665; baseline 0.001 -18"><span class='ocrx_word' id='word_1_281' title='bbox 609 3612 871 3664; x_wconf 85' lang='lat' dir='ltr'>gewesen,</span> <span class='ocrx_word' id='word_1_282' title='bbox 910 3595 1023 3648; x_wconf 92' lang='lat' dir='ltr'>und</span> <span class='ocrx_word' id='word_1_283' title='bbox 1059 3594 1238 3664; x_wconf 87' lang='lat' dir='ltr'>deren,</span> <span class='ocrx_word' id='word_1_284' title='bbox 1277 3596 1365 3650; x_wconf 91' lang='lat' dir='ltr'>die</span> <span class='ocrx_word' id='word_1_285' title='bbox 1401 3596 1725 3650; x_wconf 86' lang='lat' dir='ltr'>umbkomen</span> <span class='ocrx_word' id='word_1_286' title='bbox 1763 3598 1889 3664; x_wconf 75' lang='lat' dir='ltr'>sint,</span> <span class='ocrx_word' id='word_1_287' title='bbox 1927 3598 2003 3651; x_wconf 87' lang='lat' dir='ltr'>ist</span> <span class='ocrx_word' id='word_1_288' title='bbox 2038 3595 2351 3650; x_wconf 84' lang='lat' dir='ltr'>iedermann</span> <span class='ocrx_word' id='word_1_289' title='bbox 2389 3612 2455 3649; x_wconf 88' lang='lat' dir='ltr'>zu</span> <span class='ocrx_word' id='word_1_290' title='bbox 2491 3594 2711 3649; x_wconf 84' lang='lat' dir='ltr'>kauffen</span> <span class='ocrx_word' id='word_1_291' title='bbox 2749 3595 2975 3665; x_wconf 79' lang='lat' dir='ltr'>erlaupt</span> 
     </span>
     <span class='ocr_line' id='line_1_36' title="bbox 608 3683 2970 3755; baseline -0.001 -17"><span class='ocrx_word' id='word_1_292' title='bbox 608 3685 840 3752; x_wconf 86' lang='lat' dir='ltr'>worden,</span> <span class='ocrx_word' id='word_1_293' title='bbox 879 3686 939 3738; x_wconf 92' lang='lat' dir='ltr'>ie</span> <span class='ocrx_word' id='word_1_294' title='bbox 976 3684 1142 3738; x_wconf 92' lang='lat' dir='ltr'>doch</span> <span class='ocrx_word' id='word_1_295' title='bbox 1182 3685 1326 3738; x_wconf 87' lang='lat' dir='ltr'>dem</span> <span class='ocrx_word' id='word_1_296' title='bbox 1363 3686 1861 3755; x_wconf 85' lang='lat' dir='ltr'>ingesessenen</span> <span class='ocrx_word' id='word_1_297' title='bbox 1907 3685 2056 3738; x_wconf 86' lang='lat' dir='ltr'>lant</span> <span class='ocrx_word' id='word_1_298' title='bbox 2091 3685 2303 3739; x_wconf 81' lang='lat' dir='ltr'>volck.</span> <span class='ocrx_word' id='word_1_299' title='bbox 2378 3684 2504 3738; x_wconf 86' lang='lat' dir='ltr'>Wes</span> <span class='ocrx_word' id='word_1_300' title='bbox 2541 3683 2658 3738; x_wconf 82' lang='lat' dir='ltr'>also</span> <span class='ocrx_word' id='word_1_301' title='bbox 2694 3683 2970 3752; x_wconf 80' lang='lat' dir='ltr'>verkauft,</span> 
     </span>
     <span class='ocr_line' id='line_1_37' title="bbox 609 3770 2972 3843; baseline 0 -18"><span class='ocrx_word' id='word_1_302' title='bbox 609 3774 683 3826; x_wconf 84' lang='lat' dir='ltr'>ist</span> <span class='ocrx_word' id='word_1_303' title='bbox 708 3772 842 3827; x_wconf 85' lang='lat' dir='ltr'>alles</span> <span class='ocrx_word' id='word_1_304' title='bbox 881 3790 946 3826; x_wconf 85' lang='lat' dir='ltr'>zu</span> <span class='ocrx_word' id='word_1_305' title='bbox 972 3775 1247 3841; x_wconf 88' lang='lat' dir='ltr'>gemeincr</span> <span class='ocrx_word' id='word_1_306' title='bbox 1281 3777 1455 3843; x_wconf 87' lang='lat' dir='ltr'>pewte</span> <span class='ocrx_word' id='word_1_307' title='bbox 1492 3777 1757 3843; x_wconf 82' lang='lat' dir='ltr'>getragen</span> <span class='ocrx_word' id='word_1_308' title='bbox 1780 3773 1996 3828; x_wconf 85' lang='lat' dir='ltr'>worden</span> <span class='ocrx_word' id='word_1_309' title='bbox 2023 3813 2037 3827; x_wconf 91' lang='lat'><strong>.</strong></span> <span class='ocrx_word' id='word_1_310' title='bbox 2060 3813 2072 3826; x_wconf 94' lang='lat'><strong>.</strong></span> <span class='ocrx_word' id='word_1_311' title='bbox 2095 3773 2145 3825; x_wconf 85' lang='lat'>.“</span> <span class='ocrx_word' id='word_1_312' title='bbox 2194 3772 2320 3843; x_wconf 83' lang='lat' dir='ltr'>vgl.</span> <span class='ocrx_word' id='word_1_313' title='bbox 2348 3772 2486 3826; x_wconf 87' lang='lat' dir='ltr'>noch</span> <span class='ocrx_word' id='word_1_314' title='bbox 2523 3772 2592 3827; x_wconf 91' lang='lat' dir='ltr'>H.</span> <span class='ocrx_word' id='word_1_315' title='bbox 2622 3770 2972 3826; x_wconf 79' lang='lat' dir='ltr'>Gresbeck</span> 
     </span>
     <span class='ocr_line' id='line_1_38' title="bbox 610 3859 2972 3932; baseline -0.001 -17"><span class='ocrx_word' id='word_1_316' title='bbox 610 3862 664 3915; x_wconf 87' lang='lat' dir='ltr'>S.</span> <span class='ocrx_word' id='word_1_317' title='bbox 691 3863 792 3915; x_wconf 88' lang='grc'>211</span> <span class='ocrx_word' id='word_1_318' title='bbox 831 3862 942 3915; x_wconf 90' lang='lat' dir='ltr'>und</span> <span class='ocrx_word' id='word_1_319' title='bbox 980 3861 1124 3929; x_wconf 87' lang='lat' dir='ltr'>„Des</span> <span class='ocrx_word' id='word_1_320' title='bbox 1161 3861 1593 3915; x_wconf 82' lang='lat' dir='ltr'>Miinsterischen</span> <span class='ocrx_word' id='word_1_321' title='bbox 1629 3861 1989 3932; x_wconf 73' lang='lat' dir='ltr'>Konigreichs</span> <span class='ocrx_word' id='word_1_322' title='bbox 2029 3902 2040 3915; x_wconf 93' lang='lat'><strong>.</strong></span> <span class='ocrx_word' id='word_1_323' title='bbox 2063 3902 2075 3915; x_wconf 94' lang='lat'><strong>.</strong></span> <span class='ocrx_word' id='word_1_324' title='bbox 2096 3901 2109 3915; x_wconf 92' lang='lat'><strong>.</strong></span> <span class='ocrx_word' id='word_1_325' title='bbox 2150 3879 2245 3915; x_wconf 86' lang='lat' dir='ltr'>an·</span> <span class='ocrx_word' id='word_1_326' title='bbox 2282 3862 2392 3915; x_wconf 88' lang='lat' dir='ltr'>und</span> <span class='ocrx_word' id='word_1_327' title='bbox 2431 3859 2684 3930; x_wconf 83' lang='lat' dir='ltr'>abgang“</span> <span class='ocrx_word' id='word_1_328' title='bbox 2721 3859 2808 3914; x_wconf 92' lang='lat' dir='ltr'>Bl.</span> <span class='ocrx_word' id='word_1_329' title='bbox 2834 3860 2972 3914; x_wconf 63' lang='lat' dir='ltr'>Aa*</span> 
     </span>
     <span class='ocr_line' id='line_1_39' title="bbox 608 3949 1576 4017; baseline 0.002 -14"><span class='ocrx_word' id='word_1_330' title='bbox 608 3966 660 4003; x_wconf 89' lang='lat' dir='ltr'>u.</span> <span class='ocrx_word' id='word_1_331' title='bbox 699 3950 801 4004; x_wconf 83' lang='lat' dir='ltr'>A4</span> <span class='ocrx_word' id='word_1_332' title='bbox 844 3950 1125 4017; x_wconf 87' lang='lat' dir='ltr'>(Zeitschr.</span> <span class='ocrx_word' id='word_1_333' title='bbox 1165 3949 1233 4002; x_wconf 82' lang='lat'>27</span> <span class='ocrx_word' id='word_1_334' title='bbox 1277 3949 1330 4004; x_wconf 89' lang='lat' dir='ltr'>S.</span> <span class='ocrx_word' id='word_1_335' title='bbox 1369 3949 1576 4016; x_wconf 59' lang='grc'>27212).</span> 
     </span>
     <span class='ocr_line' id='line_1_40' title="bbox 823 4037 2969 4107; baseline 0 -15"><span class='ocrx_word' id='word_1_336' title='bbox 823 4037 867 4106; x_wconf 79' lang='lat'>⁸)</span> <span class='ocrx_word' id='word_1_337' title='bbox 907 4038 1056 4107; x_wconf 82' lang='lat' dir='ltr'>Orig.</span> <span class='ocrx_word' id='word_1_338' title='bbox 1095 4038 1192 4092; x_wconf 89' lang='lat' dir='ltr'>der</span> <span class='ocrx_word' id='word_1_339' title='bbox 1227 4037 1485 4092; x_wconf 85' lang='lat' dir='ltr'>Urkunde</span> <span class='ocrx_word' id='word_1_340' title='bbox 1522 4055 1644 4092; x_wconf 83' lang='lat' dir='ltr'>vom</span> <span class='ocrx_word' id='word_1_341' title='bbox 1681 4038 1767 4093; x_wconf 91' lang='grc'>26.</span> <span class='ocrx_word' id='word_1_342' title='bbox 1805 4039 1931 4093; x_wconf 87' lang='lat' dir='ltr'>Jan.</span> <span class='ocrx_word' id='word_1_343' title='bbox 1961 4039 2097 4092; x_wconf 80' lang='lat'>1536</span> <span class='ocrx_word' id='word_1_344' title='bbox 2134 4040 2208 4092; x_wconf 89' lang='lat' dir='ltr'>im</span> <span class='ocrx_word' id='word_1_345' title='bbox 2247 4038 2418 4092; x_wconf 78' lang='lat' dir='ltr'>St.-A.</span> <span class='ocrx_word' id='word_1_346' title='bbox 2446 4038 2521 4092; x_wconf 83' lang='lat' dir='ltr'>M.</span> <span class='ocrx_word' id='word_1_347' title='bbox 2563 4038 2859 4102; x_wconf 78' lang='lat' dir='ltr'>(Fiirstent.</span> <span class='ocrx_word' id='word_1_348' title='bbox 2888 4037 2969 4093; x_wconf 76' lang='lat' dir='ltr'>M.</span> 
     </span>
     <span class='ocr_line' id='line_1_41' title="bbox 607 4126 2976 4194; baseline 0 -15"><span class='ocrx_word' id='word_1_349' title='bbox 607 4126 706 4180; x_wconf 89' lang='lat' dir='ltr'>Nr.</span> <span class='ocrx_word' id='word_1_350' title='bbox 744 4126 927 4194; x_wconf 83' lang='lat'>3038),</span> <span class='ocrx_word' id='word_1_351' title='bbox 964 4126 1218 4180; x_wconf 87' lang='lat' dir='ltr'>Abdruck</span> <span class='ocrx_word' id='word_1_352' title='bbox 1253 4128 1342 4180; x_wconf 91' lang='lat' dir='ltr'>bei</span> <span class='ocrx_word' id='word_1_353' title='bbox 1378 4127 1431 4181; x_wconf 84' lang='lat' dir='ltr'>J.</span> <span class='ocrx_word' id='word_1_354' title='bbox 1470 4127 1773 4182; x_wconf 85' lang='lat' dir='ltr'>Niesert:</span> <span class='ocrx_word' id='word_1_355' title='bbox 1813 4127 1963 4182; x_wconf 90' lang='lat' dir='ltr'><strong>U.-S.</strong></span> <span class='ocrx_word' id='word_1_356' title='bbox 1998 4127 2046 4183; x_wconf 90' lang='lat' dir='ltr'>I.</span> <span class='ocrx_word' id='word_1_357' title='bbox 2086 4128 2138 4181; x_wconf 89' lang='lat' dir='ltr'>S.</span> <span class='ocrx_word' id='word_1_358' title='bbox 2178 4127 2283 4180; x_wconf 86' lang='grc'>226</span> <span class='ocrx_word' id='word_1_359' title='bbox 2303 4126 2362 4182; x_wconf 82' lang='lat' dir='ltr'>ff.</span> <span class='ocrx_word' id='word_1_360' title='bbox 2432 4127 2544 4181; x_wconf 77' lang='lat' dir='ltr'>Ffir</span> <span class='ocrx_word' id='word_1_361' title='bbox 2579 4127 2681 4180; x_wconf 89' lang='lat' dir='ltr'>den</span> <span class='ocrx_word' id='word_1_362' title='bbox 2719 4126 2976 4181; x_wconf 76' lang='lat' dir='ltr'>Verkauf</span> 
     </span>
     <span class='ocr_line' id='line_1_42' title="bbox 606 4214 2969 4285; baseline 0.001 -18"><span class='ocrx_word' id='word_1_363' title='bbox 606 4214 887 4268; x_wconf 88' lang='lat' dir='ltr'>bestimmt</span> <span class='ocrx_word' id='word_1_364' title='bbox 911 4215 1122 4269; x_wconf 85' lang='lat' dir='ltr'>werden</span> <span class='ocrx_word' id='word_1_365' title='bbox 1149 4215 1303 4268; x_wconf 88' lang='lat' dir='ltr'>darin</span> <span class='ocrx_word' id='word_1_366' title='bbox 1329 4214 1417 4269; x_wconf 83' lang='lat' dir='ltr'>die</span> <span class='ocrx_word' id='word_1_367' title='bbox 1443 4215 1943 4285; x_wconf 88' lang='lat' dir='ltr'>„wederdoepische</span> <span class='ocrx_word' id='word_1_368' title='bbox 1967 4216 2292 4270; x_wconf 80' lang='lat' dir='ltr'>verwerckte</span> <span class='ocrx_word' id='word_1_369' title='bbox 2317 4215 2503 4285; x_wconf 76' lang='lat' dir='ltr'>gader,</span> <span class='ocrx_word' id='word_1_370' title='bbox 2530 4214 2710 4283; x_wconf 73' lang='lat' dir='ltr'>huser,</span> <span class='ocrx_word' id='word_1_371' title='bbox 2737 4214 2969 4285; x_wconf 59' lang='lat' dir='ltr'>ginden,</span> 
     </span>
     <span class='ocr_line' id='line_1_43' title="bbox 606 4301 2974 4374; baseline 0.002 -19"><span class='ocrx_word' id='word_1_372' title='bbox 606 4301 889 4370; x_wconf 86' lang='lat' dir='ltr'>hoffstede,</span> <span class='ocrx_word' id='word_1_373' title='bbox 928 4303 1102 4371; x_wconf 71' lang='lat' dir='ltr'>acher,</span> <span class='ocrx_word' id='word_1_374' title='bbox 1150 4303 1331 4373; x_wconf 85' lang='lat' dir='ltr'>gulde,</span> <span class='ocrx_word' id='word_1_375' title='bbox 1387 4306 1546 4373; x_wconf 75' lang='lat' dir='ltr'>tynae</span> <span class='ocrx_word' id='word_1_376' title='bbox 1600 4304 1745 4359; x_wconf 90' lang='lat' dir='ltr'>unde</span> <span class='ocrx_word' id='word_1_377' title='bbox 1791 4303 2163 4374; x_wconf 83' lang='lat' dir='ltr'>tobehoringe,</span> <span class='ocrx_word' id='word_1_378' title='bbox 2217 4305 2435 4374; x_wconf 77' lang='lat' dir='ltr'>bynnen</span> <span class='ocrx_word' id='word_1_379' title='bbox 2474 4304 2585 4358; x_wconf 91' lang='lat' dir='ltr'>und</span> <span class='ocrx_word' id='word_1_380' title='bbox 2621 4303 2829 4359; x_wconf 85' lang='lat' dir='ltr'>buthcn</span> <span class='ocrx_word' id='word_1_381' title='bbox 2868 4304 2974 4359; x_wconf 83' lang='lat' dir='ltr'>det</span> 
     </span>
    </p>
   </div>
  </div>
 </body>
</html>
