3259 5075
1164 286 1346 352 Anno
1397 287 1567 352 1533
1613 288 1770 353 acta.
2501 230 2629 351 3}ss

233 477 459 527 versa
504 465 655 546 post
711 482 944 546 paucos
988 462 1122 527 dies
1188 463 1439 528 luctum
1485 462 1779 546 deposuit
1821 467 1885 529 et
1928 464 2327 531 Rothmanno
2394 463 2631 547 nupsit.

241 565 370 631 Ad
422 588 584 653 quas
656 569 912 652 nuptias
979 569 1273 635 certatim
1334 569 1415 633 ab
1462 569 1839 653 evangelicis
1906 570 2276 653 accurritur,
2345 570 2636 636 certatim

241 691 546 741 munera
576 676 945 758 mittuntur,
979 676 1270 741 certatim
1315 678 1588 759 potatur,
1639 676 2113 742 matrimonium
2145 678 2298 742 cleri
2326 696 2637 742 commen-

245 778 494 865 datur,
541 782 827 866 pontifex
869 783 1126 849 interim
1180 783 1428 848 miseris
1475 782 1680 847 modis
1729 783 1950 848 absens
1997 785 2329 849 verborum
2375 783 2634 849 scuticis

249 885 667 970 flagellatur.
760 889 950 954 Nulla
1018 889 1309 954 convivia
1375 889 1673 973 nullaque
1743 891 2060 973 symposia
2120 890 2198 955 ab
2260 890 2633 974 evangelicis

252 994 788 1077 constituuntur,
838 996 905 1060 in
935 996 1169 1079 quibus
1214 995 1500 1080 pontifici
1532 995 1771 1062 vibices
1816 1015 1938 1060 non
1972 995 2362 1080 infligantur.
2432 996 2640 1061 Habet

253 1120 459 1166 nunc
503 1102 971 1183 Rothmannu8‚
1023 1102 1188 1187 quod
1234 1103 1362 1167 iam
1410 1102 1522 1167 diu
1567 1103 1848 1169 venando
1894 1102 2239 1184 affectavit,
2309 1102 2500 1168 habet
2544 1102 2641 1167 fa-

256 1227 504 1273 vorem
549 1207 776 1292 plebis,
825 1208 1018 1275 habet
1060 1209 1232 1292 apud
1266 1229 1410 1275 suos
1458 1210 1916 1291 auctoritatem,
1965 1209 2158 1274 habet
2202 1208 2541 1292 imperinm
2571 1208 2640 1275 in

261 1333 390 1379 sex
435 1315 826 1398 parochialia
857 1315 1096 1399 templa
1125 1318 1189 1380 et
1234 1316 1717 1397 concionatores,
1767 1316 1957 1381 habet
1985 1316 2227 1380 clerum
2257 1318 2323 1380 et
2353 1316 2641 1380 senatum

261 1423 697 1503 metuentem,
744 1422 937 1487 habet
968 1441 1194 1487 nomen
1226 1421 1598 1487 eruditionis
1646 1420 1749 1486 *et
1791 1421 2178 1504 prudentiae,
2226 1420 2436 1501 habet,
2470 1420 2637 1486 unde
2661 1441 2692 1473 ⁸
2706 1459 2760 1515 p.
2798 1441 2921 1498 854.

263 1528 575 1594 molliter
620 1531 684 1593 et
726 1528 993 1594 delicate
1037 1528 1229 1594 vivat.
1323 1527 1491 1608 Quid
1548 1527 1846 1611 pluribus
1892 1546 2049 1610 opus
2095 1527 2233 1593 est?
2322 1526 2530 1593 Habet
2575 1528 2641 1592 et

267 1652 570 1717 morem,
639 1654 942 1718 magnum
986 1635 1068 1701 ad
1112 1635 1359 1700 felicem
1421 1635 1845 1719 evangelicam
1888 1634 2086 1699 vitam
2145 1633 2533 1717 praesidinm
2577 1633 2642 1698 et

271 1740 748 1807 adiumentum.
842 1743 1093 1808 Acriter
1135 1743 1290 1823 iam,
1353 1743 1479 1808 imo
1527 1745 1780 1808 strenue
1837 1740 2038 1825 magis
2086 1759 2274 1825 quam
2319 1739 2640 1805 commode

276 1866 484 1912 suum
544 1850 869 1932 negotium
932 1853 1275 1934 promovet.
1369 1850 1446 1915 In
1504 1849 1798 1914 omnibus
1864 1847 1994 1913 fere
2053 1846 2459 1912 concionibus
2526 1866 2640 1931 pro

280 1955 605 2039 evangelii
669 1975 987 2037 successu,
1058 1976 1171 2040 pro
1229 1956 1670 2022 incolumitate
1715 1958 1780 2021 et
1824 1955 2026 2020 salute
2071 1954 2438 2040 Lantgravii
2498 1973 2641 2038 pre-

284 2064 494 2143 catur,
544 2063 725 2126 cuius
772 2082 888 2147 ope
918 2063 1249 2129 concordia
1294 2063 1500 2129 civilis
1547 2063 1635 2129 sit
1679 2065 1966 2129 revocata
1994 2066 2059 2128 et
2103 2062 2366 2127 verbum
2396 2062 2517 2127 Dei
2560 2062 2640 2129 ab

285 2168 719 2233 internecione
765 2171 1222 2235 conservatum.
1305 2171 1568 2236 Senatus
1615 2171 1809 2236 etiam
1852 2171 2117 2254 urgente
2160 2169 2360 2252 plebe,
2408 2167 2485 2234 ut
2527 2186 2642 2251 pro

287 2274 544 2339 reddita
586 2294 738 2358 pace
780 2276 1056 2360 gratiam
1099 2277 1378 2361 aliquam
1442 2276 1719 2357 referret,
1769 2275 1926 2341 dnos
1971 2277 2297 2358 argenteos
2342 2276 2407 2340 et
2451 2273 2641 2339 deau-

289 2385 466 2446 ratos
513 2384 782 2447 crateres
829 2382 983 2448 satis
1015 2402 1271 2467 capaces
1320 2383 1752 2468 singularique
1799 2382 2116 2448 artificum
2161 2380 2477 2446 industria
2505 2399 2641 2445 cae-

291 2485 457 2553 latos
503 2489 569 2554 et
612 2488 863 2555 florenis
907 2490 1154 2575 aliquot
1198 2491 1411 2573 fartos,
1461 2489 1617 2556 duos
1665 2508 1908 2575 quoque
1942 2488 2170 2555 eximia
2212 2487 2539 2573 nigredine
2569 2506 2643 2553 ac

287 2595 711 2679 generositate
757 2597 1124 2681 conspicuos
1155 2618 1345 2683 equos
1391 2597 1788 2683 phalerisque
1835 2598 2157 2662 exornatos
2202 2596 2454 2661 nomine
2484 2594 2641 2661 civi-

289 2702 450 2767 tatis
505 2705 601 2767 12.
635 2704 965 2768 Februarii
1009 2704 1389 2789 Lantgravio
1433 2725 1548 2789 per
1590 2704 1747 2769 duos
1793 2702 2118 2768 ministros
2166 2701 2327 2768 dono
2371 2701 2579 2768 mittit
2597 2704 2639 2784 ¹,

291 2808 529 2891 quibus
573 2809 842 2892 singulis
890 2829 994 2875 sex
1039 2811 1303 2876 florenos
1351 2813 1415 2877 et
1459 2811 1764 2876 amictum
1818 2809 2096 2874 muneris
2142 2809 2276 2875 loco
2323 2808 2639 2874 retribuit.

510 2914 758 2980 Interea
802 2915 982 2998 plebs
1027 2915 1374 2981 multorum
1420 2915 1717 2999 profecto,
1765 2915 1843 2980 ut
1872 2933 2015 2980 vere
2059 2914 2312 2995 dicitnr,
2362 2914 2643 2997 capitum

289 3020 505 3102 belna,
552 3021 667 3086 ubi
712 3021 1010 3087 adversus
1057 3022 1297 3087 clerum
1343 3022 1719 3087 verecundia
1770 3021 2038 3087 recentis
2083 3020 2348 3086 foederis
2393 3022 2642 3086 vetante

292 3127 467 3192 nihil
529 3127 813 3212 auderet,
861 3149 940 3194 ne
983 3129 1151 3194 nihil
1219 3131 1457 3213 ageret,
1528 3148 1674 3194 cum
1721 3147 1834 3194 suo
1901 3127 2277 3212 magistratu
2341 3126 2644 3194 dissidere

293 3235 526 3319 coepit,
575 3255 763 3319 quem
808 3255 933 3302 non
978 3239 1111 3302 tam
1157 3235 1422 3317 civibn3‚
1473 3254 1663 3319 quam
1708 3236 1874 3300 clero
1920 3235 2125 3299 favere
2195 3234 2464 3300 somniat
2509 3253 2643 3299 cer-

291 3343 488 3426 toque
533 3342 659 3407 sibi
716 3343 1067 3427 persuadet.
1159 3343 1431 3409 Proinde
1490 3343 1878 3427 papisticum
1924 3341 2094 3406 hunc
2139 3344 2426 3407 senatum
2471 3361 2644 3407 amo-

293 3447 592 3530 vendum,
642 3448 1073 3532 evangelicum
1115 3469 1260 3514 vero
1306 3447 1823 3515 substituendum
1870 3466 2003 3513 esse
2050 3468 2163 3532 per
2203 3449 2425 3514 urbem
2468 3467 2643 3513 mus-

297 3553 456 3619 sitat
487 3573 683 3638 eoque
727 3555 982 3620 tandem
1020 3575 1152 3621 rem
1183 3555 1492 3639 perducit,
1541 3556 1617 3620 ut
1645 3554 1901 3620 comitia
1930 3555 2077 3620 novi
2108 3558 2361 3620 senatus
2391 3554 2641 3620 creandi

292 3660 506 3744 gratia
534 3662 681 3726 ante
725 3663 977 3745 tempus
1010 3663 1364 3747 antiquitus
1410 3665 1733 3747 receptum
1754 3664 1779 3702 ²
1820 3662 2041 3727 habita
2071 3661 2219 3727 sint.
2281 3662 2398 3727 Die
2430 3661 2643 3745 itaque

513 3857 555 3924 ¹)
591 3856 705 3911 Das
728 3856 1233 3927 Begleitschreiben
1257 3855 1353 3911 der
1377 3855 1540 3912 Stadt
1572 3857 1661 3911 bei
1686 3856 2114 3929 Uebersendung
2137 3857 2234 3912 der
2258 3856 2388 3910 zwei
2412 3855 2642 3910 schwar-

297 3959 396 3998 zen
432 3944 681 4016 Hengste
716 3947 792 4001 ist
825 3944 1088 4001 vielmehr
1124 3949 1236 4000 eret
1271 3962 1392 4000 vom
1431 3948 1514 4000 10.
1549 3945 1702 4000 Mara
1739 3945 1943 4001 datiert
1979 3946 2154 4016 (Orig.
2190 3947 2265 4000 im
2302 3944 2471 4000 St.·A.
2498 3944 2643 4000 Mar-

293 4033 481 4103 burg).
535 4033 690 4088 Auch
713 4034 836 4089 dem
862 4034 1077 4103 Herzog
1099 4034 1264 4089 Ernst
1285 4051 1389 4089 von
1415 4034 1709 4105 Liineburg
1744 4034 1926 4089 wollte
1951 4035 2067 4090 sich
2091 4035 2178 4090 die
2204 4033 2366 4090 Stadt
2401 4034 2646 4090 dankbar

297 4124 548 4192 erzeigen
603 4123 772 4178 durch
830 4122 1333 4194 Geschenkgebung
1386 4124 1533 4178 eines
1587 4123 1877 4194 Hengstes.
1951 4123 2134 4195 Vergl.
2174 4124 2279 4179 den
2313 4124 2471 4179 Brief
2517 4124 2554 4179 J
2556 4124 2644 4179 oh.

295 4226 349 4265 v.
373 4211 426 4265 d.
453 4210 686 4266 Wieck’s
724 4229 794 4266 an
831 4212 934 4265 den
973 4211 1187 4282 Herzog
1221 4229 1343 4266 vom
1377 4213 1427 4265 2.
1465 4210 1638 4282 April,
1678 4212 1897 4282 abgedr.
1934 4213 2025 4267 bei
2060 4212 2119 4268 Ο.
2145 4212 2209 4267 Α.
2247 4210 2640 4267 Cornelius:

291 4299 372 4354 Η.
407 4300 474 4357 Δ.
509 4299 590 4356 11.
627 4301 684 4356 S.
719 4301 827 4356 350
845 4301 885 4355 f.
940 4331 1007 4339 —
1065 4299 1111 4368 ³)
1144 4301 1249 4356 Die
1285 4300 1564 4356 Ratswahl
1600 4301 1694 4356 fiel
1730 4300 1991 4357 vielmehr
2026 4302 2224 4373 gerade
2277 4301 2377 4356 auf
2408 4301 2511 4356 den
2549 4300 2643 4355 da·

291 4389 438 4443 mals
471 4388 612 4444 noch
648 4389 904 4444 iiblichen
939 4390 1176 4459 Termin,
1220 4390 1322 4444 auf
1351 4390 1456 4445 den
1494 4395 1675 4446 ersten
1709 4392 1939 4462 Montag
1974 4391 2069 4446 der
2103 4391 2430 4446 Fastenzeit.
