3259 5075
1188 322 1370 387 Anno
1426 324 1594 387 1535
1641 326 1798 388 acta.
2538 327 2664 389 753

314 496 384 560 in
430 496 776 580 pristinum
823 497 1076 562 honoris
1123 498 1579 581 dignitatisque
1625 498 1836 563 locum
1884 503 2203 581 reponant,
2269 501 2434 565 cives
2481 502 2663 566 bonis

316 605 531 668 exutos
579 606 642 668 et
688 604 755 668 in
802 603 1060 668 exilium
1107 605 1322 687 pulsos
1367 605 1434 667 in
1480 604 1757 686 priorem
1818 608 2055 670 statum
2102 607 2457 688 restituant,
2506 608 2663 671 civi-

316 710 512 773 tatem
544 712 608 773 et
649 729 882 794 poenae
914 715 978 775 et
1021 710 1261 794 gratiae
1293 709 1542 776 dedant.
1617 711 1686 776 Si
1715 731 1860 776 vero
1907 712 2072 776 illud
2103 712 2332 777 facturi
2379 733 2502 777 non
2536 714 2665 778 sint

315 831 517 895 neque
574 815 728 881 haec
775 817 1071 881 salutaris
1118 818 1182 880 et
1227 816 1560 881 familiaris
1629 817 1976 883 admonitio
2023 818 2190 901 apud
2250 819 2421 901 ipsos
2485 820 2663 902 quic-

315 939 506 1004 quam
551 922 844 1005 ponderis
893 923 979 987 sit
1024 922 1339 1003 habitura,
1390 923 1496 987 sed
1543 923 1612 987 in
1643 927 1861 989 ventos
1909 943 2046 989 eam
2092 928 2376 989 excutere
2424 926 2663 989 malue-

313 1027 465 1110 rint,
513 1028 721 1093 sciant
765 1029 1080 1113 principes
1123 1031 1186 1094 et
1230 1028 1480 1094 ordines
1526 1029 1782 1112 imperii
1828 1029 2267 1095 communibus
2315 1029 2567 1094 auxiliis
2600 1033 2665 1095 et

312 1131 617 1217 impensis
664 1137 883 1200 contra
925 1135 1096 1219 ipsos
1143 1155 1318 1200 arma
1362 1139 1727 1219 sumpturos
1749 1140 1788 1201 ¹.

527 1240 699 1306 Haec
745 1244 896 1307 sunt
939 1241 1009 1306 in
1054 1241 1329 1307 comitiis
1374 1240 1832 1307 Confluentinis
1881 1244 2036 1308 acta,

1084 1646 1465 1755 Annus
1537 1646 1889 1757 1535.²

524 1912 661 1977 Hoc
707 1912 995 1996 superius
1057 1913 1363 1996 scriptum
1408 1913 1733 1979 Wirichus
1794 1934 2130 1998 generosus
2178 1916 2255 1981 ab
2302 1916 2657 1999 Uberstein,

310 2018 510 2084 totius
541 2018 810 2083 militiae
835 2019 1012 2084 iussu
1044 2019 1408 2102 principum
1431 2020 1754 2104 triumque
1785 2020 2255 2104 provinciarum
2286 2023 2658 2104 praefectus,

312 2125 599 2210 quamvis
644 2124 779 2209 ipse
826 2128 970 2191 ante
1012 2126 1180 2190 diem
1233 2129 1332 2191 18.
1380 2126 1660 2191 Ianuarii
1706 2127 1775 2191 in
1820 2129 2025 2191 castra
2073 2147 2194 2192 non
2239 2128 2501 2209 venerit,
2551 2148 2662 2212 per

309 2231 614 2296 nuncium
661 2232 739 2296 ad
786 2232 1130 2314 oppidanos
1178 2232 1408 2314 mittit,
1477 2232 1581 2297 cui
1626 2233 1805 2316 prius
1852 2235 2068 2298 tutum
2114 2235 2532 2299 commeatum
2580 2235 2659 2299 ad

310 2340 559 2422 portam
604 2338 1053 2404 Mauritianam
1084 2338 1375 2403 veniendi
1420 2339 1873 2423 recedendique
1906 2360 2017 2422 per
2052 2340 2269 2404 literas
2303 2359 2446 2405 suas
2466 2342 2491 2380 ³
2536 2342 2658 2405 im-

308 2447 534 2528 petrat.
614 2445 777 2510 Nam
823 2446 892 2510 in
937 2446 1090 2510 haec
1135 2446 1327 2509 verba
1373 2445 1674 2529 oppidani
1728 2448 1826 2511 13.
1874 2446 2157 2511 Ianuarii
2203 2446 2653 2529 respondent⁴z
2689 2460 2753 2500 1³·
2783 2455 2899 2502 Jun-

314 2552 481 2635 „Nos
527 2553 734 2636 gratia
762 2553 878 2618 Dei
911 2552 1256 2617 secundum
1285 2553 1550 2617 verbum
1582 2571 1770 2617 suum
1803 2552 2116 2636 designati
2153 2545 2442 2636 rectores,
2492 2554 2658 2619 cives

310 2677 381 2723 ac
412 2658 867 2724 inhabitatores
915 2661 1164 2724 sanctae
1209 2659 1490 2724 civitatis
1531 2659 2045 2724 Monasteriensis
2092 2663 2205 2725 tua
2233 2660 2508 2725 Wirichi
2554 2681 2659 2725 co-

307 2765 486 2830 mitis
517 2766 585 2829 in
609 2765 1051 2830 Valckenstein
1074 2785 1144 2830 ac
1166 2761 1542 2848 Lymborch‚
1571 2765 1813 2830 domini
1835 2766 1904 2829 in
1926 2766 2261 2831 Uberstein
2294 2786 2365 2831 ac
2398 2766 2655 2848 Broeck,

309 2871 645 2936 constituti
689 2871 958 2937 militiae
1004 2872 1308 2956 praefecti
1353 2874 1493 2952 etc„
1560 2872 1798 2954 scripta
1842 2872 2219 2955 accepimuS,
2269 2872 2502 2956 quibus
2548 2892 2657 2955 pe-

306 2977 488 3060 titur,
538 2981 614 3043 ut
657 2977 888 3043 nuncio
933 2980 1045 3044 tuo
1078 2978 1179 3042 die
1218 2980 1317 3043 14.
1352 2977 1634 3043 Ianuarii
1680 2977 1835 3043 hora
1863 2995 2029 3043 nona
2072 2977 2152 3042 ad
2196 2980 2444 3061 portam
2475 2978 2657 3043 Mau-

525 3244 567 3314 ¹)
602 3243 717 3298 Das
754 3242 1045 3298 Schreiben
1083 3243 1180 3297 der
1214 3242 1566 3297 Kreisstande
1610 3241 1792 3297 lautet
1827 3259 1949 3296 zum
1985 3240 2224 3296 Schlufs:
2269 3281 2315 3308 „.
2336 3280 2351 3296 .
2372 3281 2386 3296 .
2426 3242 2524 3296 das
2559 3242 2659 3296 wir

306 3331 414 3386 dan
450 3332 508 3385 in
546 3347 851 3402 erwegung,
888 3331 985 3386 das
1021 3330 1161 3386 noch
1199 3330 1398 3386 etliche
1428 3331 1603 3400 junge
1641 3329 1755 3384 und
1790 3330 1959 3385 frome
1995 3329 2182 3384 leuthe
2223 3330 2330 3400 bey
2367 3330 2504 3384 euch
2541 3331 2658 3385 sein

304 3419 575 3489 mochtem
612 3419 786 3474 denen
824 3419 1006 3474 solche
1044 3418 1431 3489 nngeschickte
1467 3418 1666 3473 sachen
1706 3420 1790 3473 nit
1825 3418 1952 3487 lieb‚
1991 3418 2080 3472 die
2106 3417 2246 3472 auch
2284 3417 2381 3472 der
2404 3418 2537 3489 ding
2574 3419 2659 3473 nit

304 3508 504 3564 ursach
540 3508 656 3562 sein
694 3507 833 3562 noch
870 3507 1110 3577 gesallen
1146 3507 1324 3562 haben
1347 3505 1601 3561 mochten
1630 3549 1644 3561 .
1666 3546 1680 3560 .
1703 3548 1735 3576 .‚
1771 3508 1857 3561 nit
1880 3524 2076 3577 mogen
2111 3506 2481 3573 underlassem
2520 3505 2657 3560 euch

303 3596 582 3653 nochmals
619 3596 724 3651 uffs
762 3596 987 3651 hochste
1024 3613 1091 3650 zu
1117 3597 1367 3651 erinuern
1401 3596 1514 3651 und
1550 3612 1616 3649 zu
1656 3613 1911 3650 ermanen
1949 3635 1963 3649 .
1986 3636 1997 3648 .
2019 3634 2052 3665 .‚
2090 3595 2177 3650 ihr
2206 3595 2392 3651 wellet
2430 3636 2442 3649 .
2466 3635 2479 3649 .
2503 3635 2515 3649 .
2552 3613 2657 3650 von

303 3685 541 3741 solchem
580 3701 776 3740 eueren
812 3684 945 3740 irsal
982 3684 1093 3739 und
1132 3724 1181 3740 ..
1205 3724 1218 3739 .
1256 3685 1537 3739 furnemen
1575 3684 1838 3739 abstehen
1876 3724 1891 3738 .
1913 3724 1962 3738 ..
2018 3684 2140 3739 Dan
2177 3702 2257 3738 wo
2297 3684 2394 3739 das
2429 3685 2516 3738 nit
2554 3723 2566 3737 .
2588 3724 2601 3736 .
2624 3724 2655 3754 .‚

303 3791 364 3829 so
402 3776 546 3829 seint
582 3814 596 3828 .
620 3815 632 3827 .
655 3814 668 3827 .
705 3791 839 3829 rom.
877 3774 1025 3844 heys,
1062 3773 1175 3828 und
1211 3773 1334 3828 lton.
1371 3774 1473 3827 Mt.
1512 3814 1559 3827 ..
1584 3813 1597 3826 .
1636 3773 1749 3828 und
1803 3772 1912 3828 alle
1950 3772 2263 3827 christliche
2317 3771 2507 3827 stende
2544 3772 2657 3827 und

303 3862 483 3933 glider
535 3861 629 3917 des
664 3862 968 3917 romischen
1004 3862 1181 3917 reichs
1218 3902 1234 3917 .
1254 3901 1268 3916 .
1292 3903 1305 3916 .
1343 3864 1569 3932 geneigt
1604 3902 1617 3916 .
1642 3902 1656 3916 .
1678 3901 1710 3930 .‚
1750 3862 1847 3916 das
1883 3863 1962 3916 sie
1999 3862 2123 3916 dem
2157 3862 2490 3932 bestetigten
2544 3861 2657 3915 und

303 3950 447 4006 stifft
480 3951 729 4006 Munster
765 3950 858 4006 des
893 3950 1040 4005 fhals
1091 3952 1195 4005 mit
1228 3950 1373 4005 hulff
1405 3950 1518 4005 und
1553 3950 1819 4021 hystandt
1851 3951 1938 4004 nit
1972 3949 2244 4004 verlassen
2280 3949 2493 4004 werden
2533 3990 2546 4004 .
2569 3989 2616 4005 ..

518 4037 562 4106 ¹)
601 4037 788 4110 Vergl.
827 4040 966 4094 oben
1003 4039 1057 4094 S.
1094 4040 1198 4093 341
1237 4039 1396 4094 Anm.

517 4127 562 4197 ⁸)
597 4128 737 4183 Vom
775 4130 858 4183 12.
897 4127 1022 4182 Jan.
1054 4128 1207 4183 1535.
1261 4127 1497 4199 Abgedr.
1534 4128 1609 4184 M.
1638 4127 1795 4194 G.-Q.
1832 4126 1911 4197 Π,
1949 4125 2056 4182 305
2074 4127 2114 4183 f.
2175 4127 2248 4181 Es
2285 4125 2420 4197 geht
2455 4125 2654 4180 daraus

300 4215 510 4286 hervor,
548 4215 667 4271 dass
706 4216 935 4272 Kerss.’s
972 4218 1159 4271 weiter
1183 4219 1351 4271 unten
1386 4214 1737 4271 wiederholte
1773 4215 2157 4287 Behauptung,
2197 4214 2402 4269 Wirich
2440 4215 2518 4270 sei
2544 4216 2656 4269 erst

302 4320 394 4359 am
434 4304 516 4359 18.
555 4304 590 4359 J
593 4320 765 4359 anuar
799 4322 895 4359 vor
929 4305 1177 4360 Miinster
1214 4303 1584 4375 emgctroffen,
1621 4305 1760 4375 irrig
1793 4304 1885 4361 ist.

515 4392 562 4463 ⁴)
598 4391 774 4464 Kopie
812 4393 889 4447 im
925 4392 1099 4450 St-A.
1133 4393 1209 4450 M.
