3259 5075
620 371 757 436 420
1488 369 1672 434 Anno
1729 368 1896 434 1533
1942 369 2100 433 acta.

622 548 852 612 electos
897 545 1015 610 Dei
1061 544 1297 628 passim
1342 544 1655 627 dispersos
1725 544 1996 609 foederis
2041 544 2398 610 charactere
2463 544 2778 628 signaturi
2824 544 2981 625 sint,

622 657 699 720 ut
743 655 822 718 ab
853 651 1224 717 imminente
1269 651 1609 715 afflictione
1657 650 2024 734 eripiantur.
2097 651 2390 735 Signatus
2421 669 2567 716 vero
2601 669 2673 715 ex
2707 652 2989 734 quatuor

622 763 826 825 terrae
873 757 1121 842 angulis
1166 757 1235 821 in
1266 775 1466 821 unum
1505 756 1784 840 aliquem
1829 757 2040 820 locum
2070 756 2495 822 convocandos
2542 755 2758 840 ibique
2787 755 2984 821 Chri-

626 870 814 948 stum,
863 866 1148 949 ipsorum
1195 864 1438 944 ducem,
1487 862 1774 947 gladium
1814 862 2080 927 ultionis
2128 861 2207 927 ad
2253 861 2699 926 eradicandum
2745 862 2982 945 impios

624 972 781 1056 ipsis
827 972 896 1036 in
954 989 1179 1035 manus
1227 989 1370 1035 suas
1439 969 1858 1051 traditurum,
1930 987 2116 1053 quem
2161 968 2232 1032 in
2277 967 2636 1032 charactere
2704 968 2982 1032 foederis

623 1099 750 1144 non
799 1078 1078 1161 signatos
1126 1077 1461 1160 stringant,
1511 1077 1582 1139 ut
1615 1094 1836 1140 eorum
1879 1074 2181 1139 memoria
2227 1094 2265 1139 a
2307 1074 2467 1139 facie
2513 1076 2714 1139 terrae
2759 1074 2981 1157 dispe-

622 1187 758 1250 reat
803 1188 869 1249 et
912 1183 1006 1267 pii
1047 1182 1392 1267 tranquille
1435 1182 1672 1247 vivant.
1766 1182 1909 1246 Huc
1957 1180 2304 1263 scripturas
2371 1181 2700 1264 detorquet
2745 1200 2876 1265 cap.
2938 1182 2978 1244 7

622 1291 813 1374 Apoc.
863 1291 928 1354 et
974 1291 1014 1354 9
1060 1288 1279 1354 Ezech.
1372 1287 1546 1368 Inde,
1611 1289 1688 1352 ut
1730 1287 1990 1371 propius
2056 1286 2137 1351 ad
2182 1286 2435 1369 signum
2495 1286 2661 1351 illud
2704 1287 2978 1352 foederis

622 1396 904 1462 accedat:
971 1393 1443 1479 „Quicunque,“
1493 1393 1725 1478 inquit,
1779 1392 2084 1475 „foederis
2132 1395 2281 1458 nota
2324 1392 2682 1476 consignari
2727 1393 2975 1474 volunt,

620 1502 921 1586 peccatiS,
972 1500 1240 1582 diabole,
1311 1499 1599 1582 propriae
1653 1499 1831 1564 carni
1874 1518 1947 1563 30
1991 1499 2115 1564 toti
2182 1498 2417 1564 mundo
2484 1499 2974 1580 renunciabunh

621 1608 990 1691 semetipsos
1057 1607 1484 1688 abnegabunt,
1555 1604 1875 1669 mundana
1956 1604 2288 1669 hominum
2372 1604 2769 1685 commercia,
2840 1605 2979 1669 cibi

617 1719 929 1798 potusque
958 1712 1443 1777 immoderatum
1473 1729 1679 1791 usum,
1725 1710 2152 1792 scortationes,
2201 1709 2400 1792 1113113,
2435 1710 2769 1775 temeraria
2798 1711 2979 1775 iura-

618 1823 851 1903 menta,
901 1818 1319 1902 blasphemias
1352 1819 1415 1881 et
1443 1816 1712 1881 maxime
1759 1816 2161 1897 publicorum
2190 1816 2572 1899 templorum
2613 1816 2975 1900 ingressum

617 1927 935 2008 vitabunt,
984 1945 1062 1990 ne
1091 1943 1252 1988 vana
1296 1922 1582 1988 doctrina
1612 1924 1678 1985 et
1720 1921 1880 1986 falso
1926 1921 2039 1986 illo
2087 1925 2622 1987 sacramentorum
2666 1942 2787 1987 usu
2818 1942 2977 1988 con-

617 2033 1010 2099 taminentur
1051 2031 1293 2114 Deique
1339 2029 1499 2093 iram
1543 2030 1688 2111 post
1723 2047 1938 2093 veram
1981 2028 2369 2112 agnitionem
2413 2028 2482 2093 in
2514 2048 2578 2093 se
2610 2033 2973 2111 provocent.

617 2139 785 2204 Hinc
832 2137 1011 2221 digni
1057 2138 1233 2217 sunt,
1298 2134 1408 2218 qui
1453 2133 1808 2199 charactere
1854 2134 2119 2198 foederis
2165 2136 2484 2216 notentur,
2558 2135 2676 2200 hoc
2722 2139 2844 2217 est,
2892 2138 2979 2201 ut

615 2245 744 2309 iam
791 2244 1112 2308 credentes
1143 2243 1206 2307 et
1238 2241 1441 2305 adulti
1489 2239 1844 2324 spirituque
1876 2241 2091 2304 sancto
2128 2240 2356 2323 repleti
2401 2260 2563 2325 aqua
2593 2243 2672 2306 ab
2719 2243 2975 2326 integro

613 2350 1019 2433 tingantur;“
1094 2347 1342 2413 adultos
1406 2347 1608 2430 igitur
1653 2348 1717 2411 et
1777 2346 1941 2411 solos
1988 2346 2308 2411 credentes
2355 2366 2487 2412 esse
2532 2348 2969 2430 baptizandos.

615 2457 733 2521 His
781 2473 1026 2541 quoque
1071 2454 1406 2519 admiscet:
1477 2472 1704 2536 panem
1749 2455 1814 2517 et
1857 2452 2078 2517 vinum
2122 2452 2191 2516 in
2236 2470 2427 2517 coena
2480 2452 2795 2518 dominica
2839 2473 2972 2518 non

615 2563 755 2628 fieri
798 2582 1019 2627 verum
1065 2579 1291 2643 corpus
1337 2562 1403 2625 et
1450 2560 1822 2643 sanguinem
1867 2560 2009 2623 Iesu
2042 2557 2312 2641 Christi3
2362 2559 2608 2643 aliaque
2652 2561 2973 2643 paulatim

615 2687 762 2734 cum
808 2668 939 2733 suis
985 2666 1243 2750 collegis
1290 2666 1498 2747 docet,
1570 2684 1730 2748 quae
1776 2668 1840 2730 et
1883 2663 2178 2731 ecclesiae
2224 2667 2288 2730 et
2334 2665 2685 2748 scripturae
2754 2686 2972 2732 sacrae

614 2775 1043 2840 adversantur.

827 2880 963 2945 Hac
1009 2878 1174 2944 vitae
1220 2878 1654 2958 sanctimonia,
1724 2877 1842 2941 hac
1889 2897 2048 2942 nova
2093 2880 2280 2961 atque
2326 2877 2632 2943 inusitata
2676 2879 2973 2945 doctrina

610 2986 920 3071 populum
981 2984 1226 3050 fraudis
1285 2984 1567 3049 nescium
1610 2984 1679 3048 in
1726 2996 2059 3049 nauseam*
2104 2983 2282 3068 quasi
2350 2984 2850 3050 inextricabilem
2896 2988 2971 3051 et

609 3092 1051 3176 labyrinthum
1110 3091 1328 3156 allicit.
1422 3090 1616 3156 Multi
1662 3090 1831 3155 enim
1876 3090 2263 3155 Rothmanni
2320 3090 2677 3173 exemplum
2723 3091 2968 3156 doctri—

610 3217 881 3282 namque
949 3198 1180 3279 secuti‚
1251 3216 1398 3262 cum
1442 3197 1572 3261 iam
1617 3197 1852 3280 spiritu
1894 3196 2012 3261 Dei
2075 3196 2229 3261 satis
2277 3215 2342 3261 se
2388 3196 2632 3261 afflatos
2679 3199 2744 3261 et
2788 3217 2967 3263 com-

608 3304 888 3369 munitos
920 3323 1052 3369 esse
1098 3304 1531 3369 existimarent
1574 3322 1775 3387 neque
1809 3303 1934 3367 sibi
1980 3303 2320 3387 quicquam
2363 3301 2443 3367 ad
2482 3304 2734 3367 beatam
2776 3303 2967 3369 illam

609 3409 862 3493 piorum
905 3409 1107 3474 vitam
1138 3408 1348 3473 deesse
1394 3410 1710 3491 putarent,
1761 3408 1939 3491 signo
1985 3407 2272 3490 foederis,
2320 3408 2439 3474 hoc
2480 3411 2577 3473 est
2620 3409 2962 3493 baptismo,

321 3531 424 3602 ‘P-
462 3532 584 3588 379.
609 3514 1061 3598 consignantur
1107 3512 1208 3580 *et
1253 3515 1663 3597 retingantur
1707 3516 1876 3579 certo
1932 3514 2055 3578 sibi
2110 3514 2555 3597 persuadentes
2600 3515 2964 3600 paedobap-

609 3620 873 3685 tismum
942 3620 1107 3684 nihil
1172 3620 1481 3703 prodesse,
1553 3639 1754 3703 neque
1801 3639 1866 3685 se
1911 3622 1990 3685 ab
2041 3620 2307 3685 instanti
2355 3620 2713 3686 calamitate
2780 3623 2963 3688 tutos

607 3725 766 3808 fore,
816 3726 942 3791 nisi
1005 3728 1471 3810 rebaptizentur
1516 3729 1581 3791 et
1626 3727 1982 3791 charactere
2029 3726 2296 3792 foederis
2344 3726 2412 3791 in
2459 3727 2774 3793 frontibus
2823 3729 2964 3793 suis

605 3833 686 3898 ab
730 3832 975 3916 integro
1023 3833 1353 3916 signentur
1372 3835 1412 3898 ¹.

817 4006 867 4078 ⁸)
905 4008 1014 4063 Με.
1026 4026 1044 4061 .·
1078 4026 1315 4064 naseam.

819 4185 860 4253 ¹)
899 4185 1171 4239 Zunachst
1224 4184 1524 4238 enthicltcn
1574 4183 1691 4239 sich
1746 4183 1834 4239 die
1875 4183 2267 4253 Prodikantcn,
2322 4202 2477 4239 wenn
2514 4185 2593 4240 sie
2643 4185 2758 4239 sich
2812 4185 2953 4240 auch

600 4272 743 4327 offen
779 4272 869 4327 fiir
894 4273 1109 4343 Gegncr
1133 4273 1229 4327 der
1251 4273 1608 4327 Kindertaufe
1637 4273 1924 4339 erklarten,
1963 4273 2207 4327 dennoch
2233 4273 2330 4328 der
2353 4273 2737 4328 Wiedertaufe.
2774 4273 2954 4328 Wann

596 4361 908 4415 Rothmann
945 4366 1106 4416 unter
1143 4361 1265 4414 dem
1289 4361 1556 4415 Einflusse
1593 4362 1884 4416 besonders
1921 4361 2093 4415 Roll’s
2130 4361 2221 4415 fiir
2256 4362 2344 4416 die
2370 4362 2544 4416 Lehre
2581 4362 2677 4416 der
2702 4362 2952 4416 Wassen-

593 4449 790 4519 berger
824 4449 1190 4504 Predikanten
1241 4467 1535 4520 gewonnen
1573 4448 1771 4515 11111·ᾶο,
1827 4449 1963 4504 lass-t
1999 4449 2115 4503 sich
2165 4466 2263 4504 aus
2301 4449 2406 4503 den
2444 4449 2673 4516 Quellen
2710 4467 2956 4521 genauer
