3259 5075
669 239 807 305 400
1531 241 1716 308 Anno
1768 244 1938 310 1533
1984 246 2140 310 acta.

669 415 869 498 nulia,
918 435 1085 500 cera,
1153 418 1283 484 lino
1329 418 1596 504 aliisque
1657 420 1985 486 sacrificiis
2031 421 2096 487 et
2139 422 2565 488 oblationibus
2626 418 2954 487 denudat
3002 420 3081 483 et

671 522 903 605 spoliat
919 525 962 589 ¹.
1009 524 1311 608 Princeps
1354 526 1551 591 talem
1579 526 1998 609 ecclesiasten,
2048 528 2160 612 qui
2206 528 2869 594 sacramentariorum
2904 525 3075 590 doc·

668 629 839 695 trina
882 630 1050 697 cives
1119 632 1600 716 contaminaret,
1671 633 1909 699 ibidem
1978 654 2102 700 non
2147 653 2280 700 esse
2345 633 2672 700 ferendum
2752 632 3071 717 putavit.

667 736 889 821 Itaque
951 737 1277 804 dominum
1335 739 1769 805 Hermannum
1813 741 2116 825 Dungell,
2187 740 2701 807 archidiaconum
2760 739 3074 804 Waren-

667 843 1052 928 dorpensem,
1103 865 1215 930 per
1243 846 1479 930 scripta
1498 847 1524 886 ²
1552 846 1863 930 admonet,
1904 850 1995 929 ut,
2044 867 2192 913 cum
2223 847 2324 913 sui
2355 847 2442 912 sit
2470 847 2785 928 muneris,
2846 845 3073 910 talem

665 950 983 1017 doctorem
1028 955 1306 1018 coerceat
1350 954 1488 1036 aut,
1539 955 1595 1020 si
1640 955 1709 1019 in
1755 973 1828 1020 ea
1872 954 2158 1020 doctrina
2222 954 2744 1038 perseveraverit,
2831 970 3075 1017 remo-

664 1059 840 1140 veat3
890 1077 954 1123 se
1000 1077 1251 1143 operam
1296 1079 1477 1126 suam
1521 1080 1647 1126 non
1693 1061 2148 1145 denegaturum
2193 1061 2337 1127 sibi.
2400 1061 2479 1127 In
2511 1060 2629 1126 hac
2659 1079 2729 1126 re
2766 1059 2890 1124 vir
2940 1057 3075 1122 ille

662 1164 958 1247 multum,
1009 1166 1116 1230 sed
1163 1185 1287 1232 non
1334 1167 1489 1233 satis
1533 1167 1807 1237 feliciter
1858 1168 2183 1251 laboravit,
2233 1187 2377 1234 cum
2420 1166 2863 1251 Regewardus
2917 1183 3066 1231 non

665 1270 870 1335 solum
915 1271 1093 1338 illius
1127 1273 1345 1357 oppidi
1388 1275 1801 1358 plebeculam,
1848 1295 2066 1341 verum
2098 1276 2291 1342 etiam
2322 1277 2528 1341 totum
2559 1274 2688 1339 fere
2718 1274 3067 1338 senatum

375 1390 481 1464 'p.
515 1390 641 1448 362.
666 1374 774 1440 *in
807 1396 987 1442 suam
1032 1380 1408 1446 sententiam
1451 1381 1844 1465 pertraxerit.
1908 1382 2188 1447 Tandem
2219 1381 2331 1447 ubi
2376 1380 2854 1464 rempublicam
2892 1376 3061 1443 uni·

663 1502 906 1549 versam
952 1485 1019 1550 in
1064 1486 1437 1569 periculum,
1485 1487 1614 1553 imo
1654 1488 1721 1552 in
1768 1488 2172 1554 irrevocabile
2202 1488 2465 1554 exitium
2511 1485 3061 1571 praecipitasset,

667 1589 1005 1656 infirmiori
1051 1593 1224 1676 asylo
1270 1592 1490 1659 relicto
1535 1593 1991 1659 Monasterium
2036 1613 2100 1658 se
2144 1593 2371 1677 recipit
2386 1595 2430 1659 ⁸.

874 1698 1239 1783 Evangelici
1283 1699 1538 1765 interim
1585 1699 1655 1764 in
1685 1701 1842 1765 urbe
1874 1699 2353 1766 Monasteriensi
2397 1699 2594 1764 initae
2623 1697 2820 1763 obliti
2876 1713 3055 1760 con·

660 1803 907 1869 cordiae
941 1804 1020 1870 ad
1065 1805 1391 1889 ingenium
1421 1825 1610 1871 suum
1654 1805 1921 1872 redeunt
1966 1826 2078 1870 nec
2110 1806 2233 1871 sibi
2264 1806 2344 1870 ab
2375 1805 2629 1871 assidua
2670 1802 3051 1870 novatione

658 1911 1013 1994 temperant
1026 1916 1071 1977 ⁴.
1136 1912 1299 1977 Nam
1344 1915 1743 1979 Hermaunus
1789 1912 2084 1997 Tylbeck,
2135 1913 2372 1995 consul,
2419 1913 2681 1978 Ioannes
2727 1909 3043 1977 Kercke-

658 2017 857 2100 rinck‚
906 2019 1231 2102 patriciuS,
1279 2020 1554 2086 Michael
1581 2019 1925 2102 Nordinck‚
1974 2021 2241 2105 Magnus
2275 2019 2518 2085 Striker
2562 2038 2708 2084 cum
2737 2018 3041 2102 quibus-

378 2145 450 2188 ει.
475 2141 629 2188 mn.
659 2122 805 2188 dam
836 2124 979 2189 aliis
1017 2125 1297 2192 eiusdem
1342 2127 1636 2193 factionis
1682 2127 2046 2193 hominibus
2094 2128 2198 2192 24.
2231 2126 2453 2191 Martii
2488 2125 2567 2190 ab
2598 2120 3035 2189 archivestali

656 2230 1119 2296 Transfluviani
1185 2233 1469 2298 coenobii
1515 2234 1756 2299 victum
1804 2252 1917 2317 pro
1964 2233 2096 2298 suis
2156 2232 2695 2298 concionatoribus
2756 2226 3032 2311 efflagi-

654 2337 813 2401 tant.
906 2336 1030 2402 Illa
1096 2339 1240 2421 post
1306 2339 1820 2405 deliberationem
1867 2343 2007 2405 octo
2075 2339 2321 2403 dierum
2391 2337 2755 2420 respondet:
2822 2355 2898 2401 se
2948 2334 3025 2398 in

654 2441 923 2524 gratiam
971 2443 1481 2526 paroecianorum
1526 2445 1696 2529 ipsos
1743 2445 1821 2511 ad
1853 2463 2246 2512 communem
2292 2446 2357 2509 et
2399 2443 2710 2527 frugalem
2740 2442 3025 2527 quidem

657 2548 1055 2615 dominorum
1084 2570 1365 2616 mensam
1396 2551 1471 2615 ad
1510 2551 1744 2617 festum
1773 2551 2213 2618 Penthecostes
2258 2554 2667 2634 recepturam,
2718 2550 2795 2614 ut
2839 2548 3021 2633 ipsis

656 2655 913 2721 interim
957 2657 1212 2722 aliunde
1255 2658 1693 2741 prospiciatur.

375 2785 446 2827 ετ.
474 2783 625 2827 uara.
865 2763 1272 2830 Ecclesiastes
1320 2783 1565 2849 quoque
1593 2765 2028 2849 Ludgerianus
2076 2766 2178 2829 27.
2213 2764 2433 2829 Martii
2478 2763 2732 2828 effracto
2763 2762 3015 2827 eucha-

652 2867 870 2934 ristiae
939 2871 1306 2954 repositorio
1351 2891 1488 2936 eam
1547 2872 1613 2936 in
1661 2874 1997 2956 conspectu
2064 2870 2413 2936 multorum
2471 2869 2540 2934 in
2584 2871 2713 2934 tres
2782 2870 3015 2952 partes

652 2974 901 3059 dividit,
955 2995 1111 3059 quas
1158 2979 1283 3043 oris
1329 2979 1486 3043 flatu
1552 2979 1896 3062 dissipans:
1951 2979 2174 3060 „Hic,“
2223 2977 2462 3060 inquit,
2517 2977 2725 3058 „Deus
2788 2979 3014 3039 vester

651 3084 815 3147 est!“
881 3083 1026 3148 Dici
1058 3104 1181 3148 non
1225 3087 1451 3168 potest,
1500 3103 1689 3168 quam
1733 3084 1834 3149 his
1864 3084 2073 3149 verbis
2104 3083 2493 3168 simplicium
2523 3082 2764 3147 animos
2795 3080 3009 3146 offen-

649 3187 816 3253 derit
860 3209 1171 3274 quamque
1217 3192 1522 3275 ancipites
1567 3192 1638 3255 in
1682 3190 2005 3273 religionis
2051 3191 2299 3273 negotio
2348 3188 2710 3254 reddiderit.

859 3296 1115 3362 Belholt
1167 3297 1383 3379 etiam,
1456 3297 1642 3362 iudex
1688 3297 1966 3361 civitatis
2036 3296 2363 3379 profanu3‚
2431 3295 2648 3359 eodem
2694 3293 2796 3357 die
2841 3311 3005 3357 cum

649 3400 1040 3483 quorundam
1110 3407 1466 3469 senatorum
1515 3404 1821 3470 comitatu
1865 3402 2297 3468 Franciscanis
2344 3401 2663 3465 decretum
2733 3401 2999 3465 senatus

646 3525 780 3571 esse
838 3509 1124 3591 nunciat,
1195 3511 1295 3576 uti
1338 3511 1438 3576 vel
1497 3513 1743 3577 mutato
1809 3510 2033 3574 habitu
2093 3509 2389 3574 coenobio
2436 3507 2571 3573 sine
2637 3505 3001 3590 ignominia

647 3617 869 3696 sponte
916 3634 1031 3679 sua
1074 3616 1372 3681 excedant
1415 3617 1514 3681 vel
1562 3618 1931 3682 severiorem
1979 3615 2354 3681 sententiam
2399 3634 2626 3698 magno
2659 3632 2772 3677 suo
2818 3612 2997 3676 malo

640 3723 1003 3804 expectent3
1052 3725 1373 3789 senatum·
1417 3724 1584 3788 enim
1617 3723 1851 3788 ociosos
1884 3725 1948 3787 et
1976 3721 2216 3787 validos
2247 3721 2566 3786 mendicos
2599 3717 2995 3802 reipublicae

854 3898 901 3968 ⁸)
937 3899 1075 3952 Me„-
1112 3905 1347 3955 senatu&

857 4060 899 4128 ¹)
937 4060 1047 4113 Aus
1073 4059 1255 4114 Herm.
1274 4077 1324 4114 v.
1343 4059 1676 4130 Dungelen's
1698 4057 1922 4112 Bericht
1960 4059 2024 4125 (s.
2049 4058 2102 4113 J.
2127 4059 2429 4112 Niesert:
2466 4057 2622 4111 U.-B.
2649 4055 2721 4110 1¹.
2756 4055 2810 4111 S.
2830 4055 2983 4124 207).

640 4176 709 4185 —
749 4145 793 4215 ⁸)
829 4147 1000 4201 Nicht
1036 4148 1189 4202 mehr
1222 4149 1606 4203 nachweisbar.
1647 4177 1713 4186 —
1754 4146 1799 4216 ⁸)
1836 4147 1938 4201 Am
1981 4147 2059 4201 17.
2097 4148 2252 4202 Febr.
2296 4147 2448 4202 1534.
2513 4145 2567 4200 S.
2604 4146 2740 4199 oben
2779 4144 2834 4200 S.
2872 4143 2980 4197 397

637 4235 794 4289 Anm.
831 4237 882 4289 4.
938 4265 1004 4275 —
1064 4237 1110 4298 ⁴)
1148 4237 1327 4292 Ueber
1363 4237 1450 4292 die
1504 4254 1615 4291 nun
1651 4237 1839 4291 weiter
1892 4235 2182 4306 folgenden
2219 4235 2590 4290 Einzelheiten
2646 4234 2767 4288 sind
2805 4233 2986 4288 altere

638 4324 867 4390 Quellen
905 4325 1058 4379 nicht
1096 4326 1347 4381 bekannt.
1419 4323 1539 4380 Wir
1573 4328 1765 4380 wissen
1802 4342 1903 4380 von
1942 4325 2103 4378 ihnen
2143 4340 2245 4378 nur
2280 4324 2446 4378 durch
2485 4324 2666 4377 Keras.
