3259 5075
342 3338 439 3412 Ἴ).
477 3340 601 3398 615.

639 294 772 358 840
1497 294 1682 361 Anno
1740 298 1904 362 1535
1950 300 2106 362 acta.

637 488 758 554 que
790 469 1131 535 exercitum
1164 468 1370 534 mittit
1399 470 1908 555 colloquiumque
1954 472 2235 555 postulat
2256 476 2294 538 ¹.
2342 473 2503 539 Cum
2532 477 2750 540 autem
2778 474 2987 540 nostri

634 574 936 641 continuo
982 594 1297 640 armorum
1342 577 1634 643 exercitio
1667 579 1732 643 et
1774 578 1972 644 totius
2017 579 2221 645 noctis
2266 578 2496 662 labore,
2542 580 2797 646 retincti
2826 599 2985 645 vero

636 682 941 747 diuturna
982 683 1146 747 fame
1194 685 1259 747 et
1306 682 1515 748 inedia
1559 683 1849 749 exhausti
1896 687 2121 767 essent,
2185 685 2439 769 utrique
2482 685 2867 770 colloquium
2913 689 2984 751 et

633 806 951 853 armorum
998 788 1192 872 quies,
1241 790 1317 853 ut
1360 789 1764 873 interspirare
1810 790 2142 873 paululum
2171 791 2374 872 detur,
2422 791 2551 858 fuit
2591 791 2981 875 gratissima.

634 893 713 958 In
742 914 812 959 eo
846 894 1154 978 colloquio
1184 895 1378 978 legati
1407 894 1752 978 postulant,
1795 897 1870 960 ut
1901 895 2081 961 miles
2114 895 2336 978 positis
2369 897 2560 962 armis
2590 915 2723 962 sese
2754 896 2979 979 dedat3

632 1018 843 1083 regem
890 999 1058 1064 enim
1128 999 1599 1084 sanguinarium
1662 1020 1788 1066 non
1831 1001 1963 1066 fore
2022 1019 2222 1084 neque
2279 1001 2348 1065 in
2396 1001 2710 1086 supplices
2772 1002 2985 1067 saevi—

632 1105 869 1186 turum,
919 1105 1026 1170 sed
1060 1124 1271 1171 omnes
1316 1106 1386 1171 in
1416 1106 1692 1189 gratiam
1736 1109 2156 1190 recepturum.
2220 1107 2457 1173 Milites
2489 1128 2553 1173 se
2584 1107 2653 1171 id
2698 1108 2981 1173 facturos

632 1213 881 1296 negant,
932 1212 1040 1276 sed
1085 1212 1141 1278 si
1172 1231 1237 1277 se
1267 1231 1468 1296 neque
1513 1213 1704 1277 armis
1751 1215 1969 1278 exutos
2015 1232 2216 1297 neque
2264 1213 2461 1297 signis
2509 1213 2643 1279 suis
2676 1212 2982 1278 militari-

632 1318 751 1383 bus
783 1319 1085 1401 spoliatos
1116 1338 1260 1384 cum
1289 1318 1455 1383 bona
1497 1337 1649 1401 pace
1680 1318 1893 1402 egredi
1938 1319 2280 1401 patiantur,
2314 1338 2379 1384 se
2408 1319 2566 1384 urbe
2595 1336 2979 1402 egressuro&

631 1421 726 1487 Ad
778 1443 936 1508 quae
994 1425 1215 1508 legati,
1286 1426 1359 1489 ut
1405 1423 1629 1507 positis
1677 1423 1870 1489 armis
1937 1423 2315 1508 traditisque
2383 1426 2517 1508 regi
2585 1424 2981 1490 militaribus

632 1529 829 1613 signis
876 1531 1143 1595 inermes
1190 1530 1347 1595 urbe
1392 1530 1708 1595 excedant.
1806 1530 2044 1595 Milites
2092 1549 2158 1595 se
2204 1532 2375 1596 salva
2425 1532 2691 1596 militari
2736 1530 2862 1596 fide
2911 1534 2985 1597 et

629 1634 1050 1717 iureiurando,
1100 1655 1223 1721 quo
1266 1635 1533 1719 imperio
1581 1637 1645 1700 et
1689 1636 1965 1719 principi
2010 1637 2139 1701 sint
2171 1636 2481 1720 obstricti,
2527 1637 2693 1702 illud
2738 1636 2982 1701 admit-

627 1746 762 1808 tere
808 1761 933 1808 non
966 1743 1189 1807 debere
1221 1741 1617 1824 respondent,
1666 1742 1835 1807 unde
1882 1746 2244 1826 perpetuam
2281 1742 2406 1808 sibi
2451 1743 2864 1827 ignominiam
2910 1746 2987 1808 et

627 1851 955 1914 aeternum
1016 1847 1284 1913 dedecus
1352 1849 1747 1931 comparent3
1817 1851 2084 1914 mortem
2150 1848 2487 1933 gloriosam
2546 1869 2611 1915 se
2657 1852 2978 1932 oppetere,

627 1973 818 2038 quam
885 1954 1003 2019 hac
1047 1953 1344 2019 infamiae
1388 1953 1530 2018 labe
1578 1973 1644 2019 se
1690 1973 1991 2038 suamque
2056 1955 2491 2038 posteritatem
2547 1955 2983 2022 contaminare

628 2060 837 2126 malle.
906 2060 1084 2125 Inter
1128 2059 1291 2125 hanc
1322 2078 1639 2124 armorum
1670 2060 1946 2143 quietem
1979 2063 2042 2126 et
2086 2060 2366 2125 indutias
2413 2062 2709 2126 Ioannem
2740 2080 2778 2125 a
2805 2062 2981 2127 Twi-

631 2166 812 2248 ckell,
863 2165 1255 2251 signiferum,
1303 2166 1636 2231 convoluto
1677 2166 1855 2250 signo
1895 2165 2252 2231 clanculum
2300 2167 2629 2251 oppidanis
2676 2188 2799 2233 non
2832 2188 2986 2233 sen-

628 2273 936 2339 tientibus
982 2293 1129 2338 curn
1195 2272 1403 2338 tribus
1448 2272 1707 2338 armatis
1776 2273 2159 2339 satellitibus
2206 2274 2284 2339 ad
2330 2274 2570 2338 vallum
2637 2273 2978 2357 ablegant3

626 2379 741 2463 qui
788 2398 934 2443 cum
965 2379 1218 2461 signum
1261 2377 1329 2441 in
1362 2378 1726 2461 crepusculo
1772 2380 2085 2445 matutino
2132 2379 2209 2446 ad
2240 2380 2524 2445 volatum
2567 2379 2982 2461 explicuisset

629 2484 1060 2568 auxiliumque
1108 2503 1365 2550 suorum
1411 2483 1580 2550 clara
1624 2504 1773 2551 voce
1820 2485 2197 2568 invocasset,
2264 2485 2562 2552 continuo
2609 2485 2845 2550 milites
2891 2485 2977 2550 ad

627 2612 853 2658 novam
899 2591 1062 2656 hanc
1105 2611 1319 2656 vocem
1366 2594 1740 2673 accurrunt3
1804 2594 1869 2657 et
1912 2611 2056 2657 cum
2102 2591 2625 2676 anabaptisticam
2684 2590 2979 2657 fraudem

626 2700 883 2765 subesse
929 2698 1416 2781 suspicarentur,
1488 2718 1566 2763 ne
1614 2698 1836 2763 occisis
1883 2698 1961 2763 ad
2009 2718 2073 2764 se
2117 2698 2434 2763 militibus
2496 2698 2709 2763 missis
2756 2696 2978 2781 plures

628 2808 876 2872 ostenso
924 2804 1102 2889 signo
1149 2804 1216 2868 in
1261 2803 1430 2870 idem
1476 2804 1832 2888 periculum
1864 2806 1927 2869 et
1963 2804 2301 2870 discrimen
2347 2803 2783 2869 fraudulenter
2827 2803 2979 2868 alli—

627 2912 826 2995 ciant,
899 2911 1253 2977 accuratius
1321 2909 1581 2993 propius
1650 2911 2010 2975 accedentes
2056 2910 2385 2975 veritatem
2430 2910 2522 2975 rei
2586 2911 2975 2975 scrutantur.

625 3019 745 3084 Ille
774 3036 920 3084 vero
967 3036 1032 3082 se
1063 3017 1359 3082 Ioannem
1390 3035 1428 3080 a
1454 3015 1730 3081 Twickel
1776 3015 2148 3099 signiferum
2194 3018 2258 3079 et
2300 3016 2511 3080 omnia
2555 3015 2762 3080 adhuc
2798 3015 2979 3079 salva

627 3146 760 3193 esse
805 3125 1269 3207 commemorat,
1318 3123 1424 3189 sed
1471 3123 1743 3189 militem
1772 3124 2172 3188 vehementer
2212 3120 2523 3188 caedendo
2568 3140 2700 3186 esse
2743 3120 2979 3186 defati—

627 3234 868 3317 gatum,
916 3234 980 3297 et
1024 3231 1151 3297 nisi
1195 3230 1265 3295 in
1309 3229 1428 3294 hac
1467 3248 1679 3295 rerum
1726 3228 2021 3313 angustia
2064 3228 2187 3294 sibi
2231 3226 2666 3294 laborantibus
2712 3245 2977 3292 succur-

627 3340 789 3419 rant,
836 3341 1050 3403 actum
1080 3355 1215 3403 esse
1259 3334 1337 3402 de
1369 3337 1572 3402 salute
1604 3336 1922 3416 omnium3
1990 3334 2303 3419 simulque
2348 3331 2753 3418 sym*bolum,
2803 3333 2979 3416 quod

624 3444 764 3508 erat
806 3443 1139 3525 Waldech,
1188 3441 1360 3507 edita
1402 3461 1551 3507 voce
1597 3441 1993 3524 pronunciat.
2085 3441 2257 3506 Haec
2301 3440 2415 3505 ubi
2462 3438 2741 3521 dixisset,
2792 3458 2857 3503 se
2903 3438 2979 3505 in

624 3567 886 3614 suorum
944 3548 1145 3613 aciem
1189 3547 1418 3632 recipit
1461 3550 1526 3613 et
1570 3546 1881 3613 auxilium
1947 3549 2187 3611 certum
2250 3545 2376 3611 sibi
2432 3544 2779 3610 affuturum
2824 3563 2979 3627 pro·

843 3833 886 3900 ¹)
921 3832 1040 3887 Von
1097 3832 1246 3886 einer
1279 3829 1737 3901 Unterhandlung
1790 3828 2052 3884 zwischen
2108 3827 2214 3883 den
2262 3826 2516 3898 Gegnern
2569 3824 2779 3880 enahlt
2831 3824 2980 3880 auch

624 3921 772 3978 Joh.
808 3921 1190 3975 Fabricius
1224 3918 1579 3974 Bolandus
1614 3917 1701 3973 BL
1740 3918 1907 3986 AAl,
1945 3918 2076 3971 aber
2110 3915 2213 3971 den
2250 3917 2435 3986 Konig
2469 3914 2687 3969 Johann
2725 3912 2877 3966 ffihrt
2916 3929 2978 3968 er

623 4010 784 4066 dabei
822 4009 976 4064 nicht
1011 4026 1097 4064 an.
1159 4007 1319 4062 wohl
1356 4009 1486 4063 aber
1520 4007 1656 4061 lasst
1707 4006 1803 4060 der
1844 4005 2234 4076 „Warhaffln’ge
2268 4003 2511 4060 bericht“
2553 4020 2603 4057 a.
2623 4020 2673 4057 a.
2693 4003 2774 4068 0.,
2831 4000 2979 4057 ohne

625 4099 757 4153 aber
780 4098 885 4152 den
909 4097 1141 4153 Verlauf
1173 4096 1268 4151 der
1290 4094 1749 4166 Verbandlungen
1786 4110 1851 4148 zu
1883 4092 2172 4160 achildem,
2210 4092 2313 4148 den
2340 4093 2522 4162 Konig
2556 4091 2663 4146 den
2686 4088 2980 4145 Knechten

627 4186 879 4241 zurufen:
924 4185 1014 4250 „Ir
1043 4185 1222 4239 lieben
1257 4182 1658 4251 landssknecht,
1695 4181 1816 4252 legt
1851 4198 1990 4236 ewer
2011 4197 2151 4236 weer
2186 4198 2289 4235 von
2325 4179 2461 4235 euch
2497 4178 2610 4234 und
2646 4176 2841 4234 zeucht
2878 4193 2981 4232 zur

625 4277 820 4344 porten
856 4290 998 4341 ause,
1037 4272 1174 4328 euch
1198 4271 1300 4326 soll
1337 4272 1462 4326 kein
1496 4271 1609 4326 leid
1646 4270 2003 4340 geschehen!“
2063 4270 2167 4324 Die
2191 4269 2245 4322 N
2248 4267 2561 4323 achrichten
2597 4267 2732 4321 iiber
2752 4265 2788 4320 J
2790 4266 2984 4320 ohann

622 4379 673 4417 v.
700 4361 904 4416 Leiden
939 4359 1195 4415 wahrend
1230 4360 1324 4414 des
1359 4359 1618 4430 Kampfes
1657 4377 1700 4414 s.
1735 4360 1923 4414 weiter
1957 4362 2144 4412 unten.
