3259 5075
1171 313 1353 378 Anno
1412 315 1577 378 1535
1623 314 1780 377 acta.
1911 312 1914 313 ⁷
2520 311 2641 375 761

300 490 583 552 vestrum
626 488 695 552 in
743 488 1089 570 pristinum
1156 487 1488 571 dignitatis
1534 491 1598 553 et
1645 488 2040 553 auctoritatis
2103 488 2311 553 locum
2357 506 2649 570 reposue—

301 594 462 675 ritis,
513 596 722 658 vestra
768 594 1051 659 fortassis
1100 594 1440 677 postulatio
1487 594 1825 677 benignius
1872 594 2299 659 exaudietur.“

512 699 673 764 Cum
720 700 1044 764 Wirichus
1106 700 1184 765 ab
1230 700 1567 765 Uberstein
1637 701 1806 765 circa
1872 700 2040 764 diem
2092 702 2190 765 18.
2240 698 2518 764 Ianuarii
2578 699 2647 762 in

300 807 506 869 castra
533 805 849 870 venisset¹
898 808 1263 889 sceptraque
1296 806 1564 870 militiae
1596 806 1985 888 arripuisset,
2036 826 2074 870 a
2102 804 2387 889 principe
2433 805 2653 869 Mona·

300 910 589 974 steriensi
638 912 1001 993 postulavit,
1052 913 1126 976 ut
1158 931 1273 976 sua
1303 932 1451 994 pace
1484 913 1667 976 miles
1700 913 1958 977 remisso
2003 911 2202 995 priori
2247 910 2650 975 iureiurando

301 1015 426 1080 sibi
473 1017 724 1080 nomine
769 1017 1022 1100 imperii
1068 1018 1145 1082 ab
1193 1018 1440 1100 integro
1485 1017 1743 1082 iuraret.
1810 1017 1910 1081 Ad
1957 1037 2115 1101 quae
2161 1018 2480 1101 princeps:
2527 1016 2649 1082 mi-

298 1120 479 1185 litem
520 1122 639 1186 sibi
675 1123 808 1187 toto
842 1123 1109 1188 militiae
1140 1127 1419 1206 tempore
1464 1143 1577 1206 pro
1610 1125 1878 1207 quatuor
1923 1125 2301 1189 florenorum
2332 1123 2649 1188 Embden-

300 1228 469 1293 sium
515 1229 826 1312 stipendio
874 1231 1253 1296 obstrictum
1284 1250 1444 1312 esse3
1494 1231 1546 1295 si
1579 1250 1726 1296 vero
1767 1230 1895 1294 iam
1927 1231 2004 1294 ab
2037 1231 2283 1313 integro
2330 1230 2649 1295 iusiuran-

299 1335 451 1398 dum
500 1336 578 1399 ab
628 1355 696 1400 eo
744 1337 1048 1419 exigatur,
1122 1338 1337 1420 ipsum
1403 1356 1649 1421 quoque
1709 1337 1854 1420 plus
1914 1337 2216 1420 stipendii
2263 1340 2645 1418 exacturum,

298 1443 408 1505 ut²
454 1441 776 1506 decretum
810 1442 1060 1525 imperii
1108 1444 1493 1526 praesidium
1540 1443 1786 1508 tardius
1823 1444 2243 1524 exolveretur3
2292 1463 2414 1508 non
2447 1443 2649 1526 igitur

298 1547 642 1612 iuramenti
688 1548 1089 1613 novationem
1135 1549 1421 1631 expedire
1442 1551 1482 1614 ².

507 1654 662 1717 Inde
708 1654 877 1718 idem
908 1654 1232 1719 Wirichus
1265 1656 1342 1720 ab
1378 1656 1710 1720 Uberstein
1758 1655 2108 1738 reliquique
2154 1655 2421 1720 militiae
2469 1674 2647 1738 prae—

297 1759 447 1823 fecti
515 1760 1081 1825 animadvertentes
1158 1761 1680 1826 Monasterienses
1753 1761 2182 1843 superioribus
2253 1761 2641 1844 principum,

296 1866 762 1949 provinciarum
831 1886 902 1931 ac
964 1869 1247 1932 statuum
1318 1867 1572 1950 scriptis
1632 1867 1797 1931 nihil
1868 1867 2242 1932 commoveri
2311 1865 2527 1931 literas
2583 1870 2647 1932 et

295 1971 422 2054 ipsi
469 1972 535 2036 in
583 1974 807 2038 urbem
852 1973 1148 2054 mittunt,
1212 1974 1472 2057 quibuS,
1534 1994 1610 2038 ne
1657 1974 1736 2038 ad
1783 1973 2152 2056 sanguinem
2198 1972 2646 2038 effundendum

294 2078 631 2143 videantur
672 2079 857 2161 proni
887 2082 951 2144 et
995 2079 1229 2162 faciles,
1280 2080 1623 2162 oppidanos
1665 2080 1744 2144 ab
1775 2080 2099 2162 impietate
2147 2099 2261 2144 sua
2291 2080 2644 2144 deterreant

296 2180 398 2248 *et
429 2185 505 2247 ad
540 2185 862 2250 meliorem
893 2188 1169 2250 mentem
1199 2172 1507 2251 revocent.
1574 2185 1854 2264 Quarum
1900 2184 2054 2248 haec
2101 2184 2227 2249 fuit
2258 2184 2641 2250 sententia-⁶³:

301 2289 465 2369 „Nos
500 2289 920 2354 illustrissimi
953 2310 1025 2354 ac
1058 2290 1485 2373 potentissimi
1516 2291 1823 2373 principis
1858 2309 1931 2355 ac
1964 2290 2205 2355 domini
2236 2289 2636 2371 Ferdinandi,

292 2393 717 2459 Romanorum
749 2398 813 2460 et
856 2396 1278 2461 Bohemorum
1309 2398 1492 2480 regis,
1542 2417 1656 2461 nec
1687 2417 1811 2461 non
1843 2397 2204 2480 electorum,
2253 2397 2635 2481 principum,

294 2500 615 2582 comitum,
666 2503 972 2567 baronum
1006 2504 1071 2568 et
1102 2502 1453 2587 legatorum
1483 2504 1752 2569 Romani
1790 2504 2044 2587 imperii
2076 2503 2390 2587 designati
2421 2504 2643 2569 Mona-

510 2683 555 2744 a)
594 2679 702 2731 Me.
716 2697 733 2729 .·
769 2684 839 2733 et.

513 2873 553 2940 ¹)
591 2872 774 2940 Vergl.
814 2874 951 2927 dazu
990 2875 1127 2927 oben
1183 2874 1237 2928 S.
1278 2874 1381 2926 7:33
1416 2874 1574 2929 Anm.
1613 2875 1664 2928 3.
1722 2903 1785 2913 —
1846 2873 1889 2943 ²)
1926 2875 2106 2929 Ueber
2142 2874 2228 2928 die
2265 2874 2643 2943 Bestimmung

291 2959 390 3014 des
426 2960 742 3030 Kreistages
782 2977 848 3014 zu
886 2961 1119 3015 Coblenz
1158 2979 1200 3017 s.
1239 2962 1374 3015 oben
1414 2962 1468 3016 S.
1509 2962 1628 3017 748.
1691 2962 1793 3016 Am
1830 2965 1915 3016 22.
1952 2962 2163 3016 Januar
2197 2962 2400 3016 mcldct
2439 2962 2642 3015 Wirich

293 3067 342 3103 v.
381 3049 577 3102 Dhaun
616 3049 755 3103 nach
792 3049 951 3117 Koln,
990 3050 1161 3115 Trier,
1201 3049 1363 3103 Clcve
1399 3050 1510 3103 und
1550 3050 1757 3104 Hcssen
1806 3050 1978 3120 (Orig.
2015 3051 2092 3103 im
2130 3051 2301 3105 St.-A.
2338 3050 2640 3120 Marburg),

292 3137 414 3191 dass
451 3138 548 3191 der
571 3138 798 3192 Bischof
831 3139 953 3204 „die
991 3138 1190 3191 knecht
1226 3140 1312 3193 nit
1336 3138 1572 3206 anderst,
1612 3138 1717 3192 dan
1746 3138 1841 3192 das
1867 3157 1930 3208 sy
1967 3139 2025 3192 in
2055 3155 2096 3192 s.
2123 3138 2162 3192 f.
2190 3155 2243 3208 g.
2281 3138 2372 3192 aid
2409 3138 2640 3208 pleiben‚

293 3225 511 3294 unrath‚
568 3245 627 3280 so
665 3227 848 3281 daruss
891 3227 1195 3281 erwachsen
1231 3227 1431 3294 mocht,
1489 3244 1554 3281 zu
1594 3227 1870 3295 verhutem
1927 3227 2251 3297 ubergcbcn,
2298 3226 2500 3296 jedoch
2537 3227 2642 3281 den

292 3314 562 3369 knechten
600 3315 869 3368 darneben
908 3317 1209 3386 angczeigt,
1267 3316 1363 3369 das
1402 3334 1463 3385 sy
1502 3332 1603 3369 uns
1642 3315 1723 3368 als
1761 3315 2009 3369 ebersten
2046 3315 2159 3369 und
2195 3315 2502 3385 kriegsrath
2537 3332 2642 3369 von

292 3404 398 3457 den
436 3404 607 3459 churf.
646 3409 839 3473 gesant
878 3409 997 3458 vort
1034 3404 1319 3473 erkenncn,
1366 3405 1558 3472 haben,
1598 3404 1786 3458 haltcn
1823 3404 1935 3458 und
1973 3404 2258 3474 gehersam
2295 3405 2409 3458 sein
2449 3404 2639 3473 sollen,

292 3491 390 3545 das
428 3494 525 3545 wir
561 3492 683 3559 dan,
724 3493 896 3547 demit
932 3493 1019 3546 dic
1058 3493 1257 3547 knecht
1292 3495 1376 3547 nit
1412 3494 1657 3560 abzihen,
1714 3493 1828 3546 also
1868 3493 1951 3546 uff
1986 3511 2031 3547 e.
2071 3493 2177 3548 chf.
2215 3510 2268 3546 u.
2309 3492 2345 3546 f.
2385 3511 2438 3562 g.
2475 3491 2642 3546 wider

292 3581 536 3635 bescheit
573 3583 961 3650 angenon1‹·n.“
1014 3583 1349 3637 Wicderholt
1382 3583 1563 3636 wurde
1603 3582 1699 3636 der
1734 3582 1962 3636 Bischof
1992 3600 2096 3636 von
2123 3583 2228 3636 den
2264 3582 2377 3636 ihm
2413 3582 2640 3636 verbiin-

291 3669 454 3723 deten
494 3671 722 3725 Fiirsten
781 3683 883 3725 zur·
910 3672 1088 3725 vollen
1126 3672 1464 3740 Einhaltung
1502 3672 1598 3724 der
1635 3671 1930 3725 Coblenzer
1963 3670 2286 3725 Beschliisse
2323 3670 2463 3724 auch
2499 3669 2640 3725 nach

294 3757 470 3812 dieser
506 3759 784 3830 Richtung
820 3762 915 3814 ltin
955 3760 1219 3826 ernmhnt,
1277 3778 1335 3814 so
1374 3777 1461 3813 am
1502 3761 1545 3812 7.
1589 3760 1699 3814 und
1745 3763 1820 3813 19.
1860 3760 2102 3813 Februar
2137 3777 2258 3813 vom
2296 3759 2638 3829 Landgrafen

293 3846 529 3917 Philipp,
569 3866 636 3901 au
677 3849 777 3902 den
818 3849 933 3902 sich
971 3866 1058 3902 am
1102 3850 1179 3903 14.
1221 3850 1462 3903 Februar
1503 3849 1644 3902 auch
1681 3848 1777 3902 der
1811 3848 2070 3903 Kurfiirst
2106 3848 2324 3903 Johann
2360 3848 2640 3902 Friedrich

293 3953 393 3988 von
434 3935 669 3989 Sachsen
706 3937 1057 3992 Beschwerdc
1094 3937 1327 3991 fiihrend
1364 3937 1617 4007 gewandt
1653 3937 1825 3990 hatte.
1889 3937 1991 3990 Am
2029 3938 2114 3990 27.
2153 3937 2310 3990 Febr.
2349 3940 2640 3991 antwortet

293 4022 436 4077 daun
474 4024 702 4079 Bischof
732 4026 904 4080 Franz
944 4043 1041 4080 aus
1069 4025 1325 4081 Wolbeck
1362 4026 1500 4079 nach
1528 4024 1721 4079 Kassel
1760 4025 2031 4094 (Konzept
2066 4026 2142 4078 im
2167 4025 2338 4080 St.-A.
2362 4024 2480 4094 M.),
2519 4024 2638 4079 dass

292 4129 351 4165 er
386 4114 443 4166 in
482 4112 624 4167 allen
682 4115 930 4168 Punkten
987 4114 1091 4169 den
1128 4114 1551 4184 Abmachungen
1590 4131 1692 4168 von
1732 4112 1965 4168 Coblenz
2021 4114 2410 4168 nachkommen
2463 4113 2636 4183 wolle‚

293 4201 430 4254 doch
465 4201 586 4255 halt
624 4220 682 4256 cr
720 4205 866 4256 scine
902 4203 1191 4257 Bedenken
1230 4205 1285 4257 in
1323 4203 1419 4257 der
1456 4220 1555 4257 von
1594 4202 1776 4256 Xerse.
1816 4201 2126 4255 erwahnten
2163 4202 2324 4256 Form
2372 4200 2637 4257 aufrecht.

506 4290 551 4358 ⁸)
588 4291 767 4346 Kerss.
806 4292 959 4361 gicht
994 4291 1113 4345 hier
1166 4291 1579 4361 chronologisch
1613 4306 1871 4361 ungenau
1924 4290 2028 4344 den
2065 4290 2315 4345 Entwurf
2359 4307 2425 4345 zu
2463 4292 2638 4345 einem

291 4379 583 4433 Schreiben
621 4397 689 4434 an
727 4380 815 4434 die
853 4381 1016 4435 Stadt
1050 4398 1171 4436 vom
1218 4386 1258 4437 1.
1296 4381 1429 4436 Juni
1467 4381 1679 4436 wieder.
1754 4380 1809 4435 S.
1846 4382 2034 4434 weiter
2069 4385 2256 4437 unten.

2676 715 2742 758 18.
2772 711 2805 755 J
2806 724 2888 758 an.

2670 2199 2765 2271 *p.
2803 2199 2928 2255 579.
