3259 5075
360 721 405 751 ⁴
418 739 472 794 p.
512 723 632 778 658.

660 213 793 276 924
1521 210 1707 275 Anno
1760 212 1929 275 1553
1973 213 2134 275 acta.

660 387 890 468 cuerit,
939 388 1014 452 ut
1058 387 1222 452 nihil
1292 386 1415 452 sibi
1460 388 1677 452 tutum
1725 386 1792 451 in
1838 387 1995 451 urbe
2040 404 2201 466 esse,
2273 385 2383 450 sed
2427 385 2640 450 omnia
2685 385 2773 450 ad
2824 387 3056 451 mani-

657 494 886 558 festam
914 493 1048 558 vim
1093 495 1158 559 et
1200 493 1280 559 ad
1327 512 1501 559 anna
1529 496 1831 576 spectare,
1879 492 2092 557 omnia
2122 492 2418 557 caedibus
2449 494 2516 556 ct
2557 492 2810 575 rapinis
2867 492 3052 557 intra

658 599 905 665 moenia
933 600 1173 665 fervere
1204 599 1785 682 animadverterint,
1832 599 1974 663 ideo
2005 598 2309 682 quosdam
2340 616 2599 663 suorum
2637 598 2820 664 iusto
2855 601 3050 664 meta

660 704 951 772 *adactos
1019 709 1241 790 sponte
1309 726 1423 772 sua
1464 707 1623 772 urbe
1691 706 2050 787 excessisse,
2122 704 2426 789 quosdam
2489 704 2685 769 etiam
2733 705 2818 769 ab
2875 705 3044 788 ipsis

659 811 943 876 sectariis
1006 813 1298 877 omnibns
1345 812 1554 893 bonis,
1624 812 1858 895 patria,
1929 811 2230 876 uxoribus
2276 812 2341 875 ot
2384 810 2605 875 liberis
2666 810 3042 875 carissimis

659 918 909 983 orbatos
953 918 1023 982 in
1054 917 1419 983 luctuosum
1451 919 1714 984 exilium
1758 917 1993 984 invitos
2023 920 2269 982 exactos
2300 918 2597 982 miseram
2626 917 2842 983 vitam
2877 918 3040 983 foris

656 1023 877 1105 egisse,
925 1023 1204 1106 principi
1234 1043 1414 1106 opem
1445 1023 1744 1089 adversus
1774 1023 2083 1088 violentos
2113 1022 2335 1106 oppidi
2381 1022 2739 1088 detentores
2772 1023 3038 1104 tulisse,

654 1129 724 1194 in
770 1129 894 1195 fide
941 1131 1006 1195 et
1047 1130 1465 1195 iurisiurandi
1526 1130 1831 1214 religione
1877 1149 2123 1214 semper
2166 1130 2585 1213 permansisse
2630 1129 3040 1195 obsidionis-

655 1254 776 1318 que
837 1236 1029 1301 finem
1097 1238 1486 1319 expectasse3
1558 1236 1911 1320 principem
1955 1255 2121 1318 vero,
2171 1255 2252 1301 ne
2296 1236 2575 1301 insontes
2642 1236 3038 1300 nocentium

653 1342 871 1424 poenis
939 1342 1380 1426 implicentur,
1450 1341 1710 1407 miseria
1770 1343 1836 1406 et
1892 1342 2252 1408 calamitate
2319 1341 2560 1405 civium
2626 1344 3036 1406 commotum

654 1447 939 1513 omnium
985 1448 1465 1533 privilegiorum
1496 1448 1995 1530 libertatumque
2039 1448 2459 1531 pristinarum
2505 1449 2650 1530 post
2680 1466 3032 1531 recupera·

654 1553 892 1619 tionem
937 1556 1116 1621 urbis
1186 1554 1658 1620 restitutionem
1723 1554 2040 1637 integram
2107 1572 2232 1618 non
2279 1553 2485 1618 solum
2544 1553 2918 1636 Hiltropiae
2967 1554 3033 1618 et

654 1659 1018 1742 Grevoniae,
1083 1680 1303 1726 verum
1350 1661 1541 1726 etiam
1586 1659 1833 1743 Telgeti
1894 1678 1966 1724 ex
2012 1659 2323 1743 singulari
2389 1659 2596 1743 gratia
2665 1658 3026 1740 addixiss03

652 1765 815 1849 quod
850 1767 1234 1850 promissum
1264 1766 1613 1850 principem
1645 1765 1782 1830 sine
1815 1765 2008 1830 dubio
2039 1765 2413 1831 iamdudum
2442 1764 2842 1849 praestitisse
2865 1783 3027 1829 con-

653 1869 873 1953 fidant,
922 1873 1091 1938 sicut
1119 1873 1312 1938 etiam
1343 1892 1381 1938 a
1410 1871 1793 1956 quibusdam
1823 1890 1950 1936 non
1978 1871 2219 1936 infimis
2251 1870 2549 1937 senatorii
2579 1869 2824 1935 ordinis
2856 1870 3025 1935 viris

652 1979 1087 2061 superioribus
1133 1979 1315 2043 annis
1363 1979 1747 2062 acceperint,
1820 1978 1988 2063 quod
2034 1980 2248 2042 tamen
2294 1977 2621 2061 hucusque
2664 1989 2834 2042 non·
2878 1975 3024 2040 sine

652 2102 880 2168 magno
929 2084 1166 2150 civium
1212 2083 1605 2151 incommodo
1654 2085 1926 2150 dilatum
1973 2084 2075 2149 sit.
2140 2082 2346 2163 Quare
2393 2101 2457 2146 se
2502 2082 2759 2166 propter
2803 2081 3023 2146 Deum

651 2192 717 2254 et
761 2191 1092 2273 publicum
1138 2192 1392 2273 bonum,
1457 2192 1623 2276 quod
1670 2210 2031 2275 promovere
2090 2208 2419 2274 nunquam
2464 2187 2848 2269 destiterint,
2899 2187 3018 2252 ob-

650 2315 919 2378 secrare,
968 2301 1045 2362 ut
1090 2299 1343 2362 senatus
1389 2298 1650 2382 antiqua
1692 2296 2029 2381 privilegia
2071 2297 2137 2361 et
2180 2296 2507 2360 libertates
2552 2294 2820 2376 civium,
2871 2295 2935 2359 si
2979 2313 3019 2358 a

653 2402 961 2486 principis
1005 2403 1406 2487 indulgentia
1448 2404 1773 2487 receperit,
1822 2403 1949 2468 sibi
1993 2402 2309 2467 restituat.
2378 2399 2561 2480 Quod
2608 2401 2664 2465 si
2709 2400 3014 2483 precibus

651 2507 804 2574 ullis
849 2508 1016 2597 illud
1083 2509 1380 2595 consequi
1449 2511 1709 2594 queant,
1761 2528 1826 2575 se
1871 2507 2255 2591 obedientia,
2327 2507 2625 2593 obsequio
2671 2509 2738 2573 et
2781 2506 3012 2591 quovis

645 2613 859 2679 officio
907 2618 1130 2698 sponte
1175 2636 1291 2681 sua
1335 2616 1614 2702 libenter,
1654 2616 2123 2700 promerituros.
2196 2615 2274 2680 Se
2304 2617 2515 2679 tamen
2563 2613 2910 2697 benignum
2943 2615 3011 2678 et

652 2721 923 2787 clemens
970 2726 1224 2788 senatus
1271 2742 1667 2806 responsum,
1726 2723 1878 2806 quid
1926 2722 2153 2787 horum
2197 2721 2481 2786 facturus
2530 2720 2642 2802 sit,
2691 2721 3003 2802 exoptare.

864 2829 1224 2912 Respondet
1290 2833 1545 2895 senatus
1606 2831 1676 2895 in
1722 2850 1837 2897 sua
1897 2831 2206 2914 potestate
2251 2849 2375 2895 non
2422 2849 2572 2912 esse,
2644 2829 2779 2894 sine
2825 2828 3006 2912 prin-

643 2933 813 3017 cipis
844 2935 1009 2999 scitu
1040 2938 1106 3000 et
1144 2936 1455 3019 permissu
1500 2939 1760 3020 propter
1809 2936 2183 3020 praestitum
2216 2955 2254 3000 a
2284 2955 2349 3000 se
2379 2935 2823 3001 iusiurandum
2855 2933 3002 3019 plus

643 3039 898 3106 civibus
967 3041 1326 3123 restituere,
1388 3060 1578 3126 quam
1640 3042 1882 3107 factum
1928 3041 2032 3108 sit.
2127 3041 2195 3107 Si
2241 3061 2386 3106 vero
2432 3041 2588 3125 quid
2634 3062 2672 3107 a
2712 3041 3003 3126 principe

644 3144 987 3228 impetrare
1031 3148 1294 3230 possint,
1344 3165 1409 3212 se
1456 3148 1617 3213 ferre
1663 3167 1844 3231 posse
1865 3151 1906 3213 ¹.
2000 3147 2168 3213 Hinc
2213 3147 2514 3231 praefecti
2559 3148 2881 3213 curiarum
2923 3168 2999 3214 eo

863 3303 909 3374 ⁸)
946 3301 1075 3367 fehlt
1109 3306 1185 3358 im
1222 3306 1332 3360 Ms.

866 3482 907 3547 ¹)
943 3482 1048 3536 Die
1088 3483 1289 3548 „Korte
1325 3482 1687 3554 anteknnge“:
1731 3483 1949 3554 „Du-up
1986 3500 2060 3538 nu
2096 3500 2202 3553 eyn
2225 3482 2374 3538 raidt
2409 3500 2498 3538 ere
2531 3482 2870 3538 bedenckent
2902 3498 2996 3554 ge-

642 3586 891 3637 noemen,
930 3569 1018 3624 die
1053 3572 1336 3641 gemeinen
1372 3587 1704 3626 vorweseren
1738 3588 1867 3626 voer
1901 3570 2017 3627 sich
2053 3571 2231 3627 weder
2264 3570 2589 3625 bescheiden
2640 3569 2754 3624 und
2788 3587 2857 3625 en
2889 3570 2995 3626 den

643 3657 861 3712 bericht
896 3657 1061 3713 dorch
1098 3659 1263 3715 ehren
1299 3660 1506 3715 sindico
1543 3660 1734 3715 doctor
1769 3659 2074 3715 Orisfisnus
2110 3677 2214 3714 van
2252 3659 2349 3713 der
2385 3659 2542 3714 wiek
2576 3659 2847 3730 gegeben:
2897 3659 2995 3715 dns

643 3746 879 3801 befremt
914 3763 1017 3818 eyn
1043 3747 1200 3801 erbar
1233 3748 1382 3803 rsidt
1413 3748 1571 3808 nicht
1590 3747 1836 3817 weinich,
1872 3748 1992 3803 dass
2017 3747 2106 3802 die
2142 3748 2425 3817 gemeinen
2462 3753 2645 3818 ampte
2668 3763 2994 3803 vervecem

636 3852 716 3890 «en
741 3836 844 3889 mit
878 3835 981 3889 den
1018 3852 1231 3906 gennen
1268 3836 1568 3903 bemoiden,
1605 3837 1700 3891 des
1725 3838 1783 3890 in
1809 3853 1927 3891 erer
1960 3836 2148 3891 mscht
2180 3835 2338 3891 nicht
2361 3852 2430 3890 en
2453 3852 2609 3891 were.
2655 3834 2747 3890 sie
2783 3835 2992 3890 hedden

635 3925 769 3978 eine
822 3925 1138 3978 restitution
1174 3941 1278 3978 von
1332 3924 1438 3978 den
1490 3925 1702 3980 fursten
1756 3926 1862 3979 mit
1914 3926 2063 3979 einer
2116 3925 2475 3994 approbation
2525 3941 2631 3978 van
2680 3923 2992 3979 Romischer

645 4011 925 4067 Kaiselich
960 4011 1221 4067 Maiestat
1272 4014 1377 4067 mit
1410 4017 1627 4083 groeter
1663 4012 1920 4068 swarheit
1971 4012 2242 4083 erlanget,
2299 4013 2355 4065 in
2391 4011 2691 4067 welcheren
2726 4012 2806 4065 sie
2842 4011 2989 4067 nicht

639 4101 801 4156 melu·
838 4100 1050 4155 hedden
1102 4101 1314 4156 konnen
1352 4102 1636 4172 erlangen,
1692 4103 1800 4157 dan
1838 4103 1917 4157 sie
1953 4101 2204 4172 erlanget
2237 4099 2481 4167 hedden3
2536 4102 2616 4155 sie
2653 4117 2721 4155 en
2753 4104 2986 4156 voesten

633 4190 767 4244 oick
801 4189 959 4244 nicht
991 4188 1145 4244 mehr
1188 4189 1286 4244 tho
1324 4190 1600 4260 erlangen.
1673 4191 1796 4245 Dan
1850 4191 2065 4245 konnen
2118 4189 2207 4244 die
2225 4193 2455 4260 'amptes
2489 4204 2850 4245 voerweseren
2884 4203 2984 4244 ves

633 4277 838 4332 nidere
874 4276 1149 4348 erlangen‚
1205 4277 1287 4332 als
1324 4278 1413 4333 die
1447 4279 1575 4333 radt
1618 4278 1870 4350 erlanget
1902 4278 2095 4348 hedde,
2149 4277 2248 4333 das
2283 4277 2499 4333 konnen
2534 4279 2615 4333 sie
2647 4276 2776 4332 woll
2810 4275 2983 4348 lydos.
