3259 5075
635 328 773 393 404
1502 326 1684 392 Anno
1736 327 1907 392 1533
1953 327 2111 392 acta.

379 523 424 566 π.
452 518 611 572 Aprn.
651 524 660 533 ·
856 504 915 569 7.
962 500 1205 585 Aprilis
1248 502 1562 586 templum
1605 502 1683 568 D.
1722 501 2004 567 Servatio
2051 500 2415 567 dedicatum
2458 500 2719 567 deiectis
2764 498 3042 566 statuis

373 629 424 672 s.
451 624 611 680 Auru.
639 609 987 694 deletisque
1030 608 1417 693 imaginibus
1463 608 1796 692 diripiunt.
1869 610 1928 674 8.
1963 606 2205 691 Aprilis
2252 609 2506 673 senatus
2551 603 3039 672 Franciscanis

637 715 1137 782 confessionibus
1180 715 1726 798 concionibusque,
1773 713 2077 779 fratribus
2122 732 2268 779 vero
2299 712 2824 778 Fontissalientis
2882 710 3040 776 dis-

634 822 943 888 tractione
1010 821 1386 901 hostiarum,
1460 839 1613 905 quas
1679 840 1753 887 ex
1812 820 2026 885 simila
2068 822 2134 886 et
2190 819 2395 886 tritici
2463 821 2615 885 flore
2669 820 2737 885 in
2810 836 3035 884 usum

373 950 421 992 ο.
451 942 611 998 April.
639 947 864 994 coenae
895 927 1243 992 dominicae
1274 927 1570 1009 formant,
1619 926 1963 992 interdicit.
2035 927 2096 992 9.
2132 926 2375 1009 Aprilis
2419 924 3036 1010 Knipperdoffinck

635 1033 1031 1119 quorundam
1061 1033 1468 1099 factiosorum
1498 1031 1769 1099 colluvie
1794 1033 2065 1116 stipatus
2097 1051 2418 1098 summum
2447 1033 2760 1116 templum
2787 1034 3035 1098 traus-

632 1140 771 1206 iens
818 1140 897 1205 ad
959 1139 1343 1205 sacerdotem
1387 1139 1481 1205 ibi
1540 1138 1998 1204 sacrificantem
2042 1137 2214 1205 edita
2276 1157 2453 1204 voce:
2506 1140 2703 1221 „Tu,“
2751 1137 3026 1221 inquit,

640 1246 967 1329 „famelico
1012 1245 1323 1328 sacerdos,
1394 1244 1675 1311 noudum
1745 1245 1900 1311 satis
1946 1245 2205 1310 deorum
2250 1244 2643 1311 devorasti?“
2737 1243 3027 1324 Quibus

347 1373 419 1415 u.
450 1367 607 1423 Apru-
636 1352 845 1418 verbis
891 1352 1175 1418 omnium
1219 1371 1328 1417 ora
1370 1352 1714 1435 vultusque
1759 1352 1826 1417 in
1874 1371 1941 1417 se
1986 1350 2315 1417 convertit.
2402 1352 2501 1415 14.
2550 1348 2796 1434 Aprilis
2850 1349 3027 1413 Bel-

587 1470 612 1509 ··
631 1457 773 1523 holt
819 1477 963 1523 cum
995 1458 1127 1524 suis
1161 1457 1576 1541 complicibus
1622 1458 1692 1522 in
1721 1457 2032 1541 templum
2063 1457 2140 1522 D.
2174 1456 2453 1541 Ludgeri
2496 1457 2744 1522 irruens
2774 1454 3025 1521 omnia

347 1585 419 1628 ιε.
447 1578 608 1634 April.
635 1562 1016 1629 ferramenta
1060 1563 1283 1629 aufert.
1378 1563 1680 1647 Sequenti
1722 1582 1869 1628 vero
1915 1562 2017 1627 die
2070 1563 2169 1628 15.
2219 1561 2461 1646 Aprilis
2514 1562 2742 1627 altaria
2786 1558 3022 1625 denu-

345 1689 446 1760 ·p,
484 1688 608 1743 366.
632 1669 806 1753 dant,
853 1669 1105 1735 tabulas
1137 1669 1416 1752 depictas
1461 1668 1921 1751 comminuunt,
1970 1666 2251 1734 *statuas
2290 1668 2626 1750 dissecant,
2673 1666 3017 1751 imagines

628 1775 950 1859 parietum
1018 1775 1388 1860 superillata
1432 1776 1601 1842 calce
1664 1776 2026 1859 contegunt,
2099 1776 2468 1841 ornamenta
2522 1773 3019 1858 depraedantur

628 1883 819 1965 atque
865 1882 1076 1947 omnia
1121 1883 1475 1965 profanant.
1544 1881 1641 1946 Ad
1689 1881 1810 1946 hoc
1857 1880 2291 1964 spectaculum
2334 1900 2482 1947 cum
2524 1879 2717 1946 multi
2763 1897 3012 1944 accur-

628 1989 840 2052 rerent
884 1990 950 2053 et
992 1986 1328 2072 indignum
1401 1986 1648 2053 facinus
1705 2006 1839 2053 esse
1908 1986 2309 2053 clamitarent
2352 2006 2390 2052 a
2433 1986 2566 2052 suis
2634 1985 3006 2051 maioribus

627 2092 862 2158 donata
906 2096 971 2159 et
1016 2094 1232 2160 divino
1280 2093 1486 2160 cultui
1529 2093 1847 2160 destinata
1892 2094 1983 2159 sic
2022 2094 2374 2174 deturbare,
2425 2092 2517 2158 sic
2561 2090 2847 2176 perdere,
2903 2090 3007 2155 sic

625 2196 698 2262 in
741 2199 1037 2282 praedam
1083 2203 1351 2281 vertere,
1416 2200 1587 2284 ipsos
1649 2200 1818 2266 fures
1866 2200 1931 2264 et
1990 2198 2324 2282 sacrilegos
2371 2198 2545 2264 omni
2605 2197 3004 2264 verecundia

625 2307 694 2370 et
736 2305 971 2388 pietate
1018 2305 1357 2371 destitutos
1404 2326 1537 2372 esse
1583 2306 2023 2388 vociferantes,
2093 2305 2241 2370 inde
2287 2323 2516 2389 magna
2559 2322 2787 2369 vocum
2833 2323 3001 2369 con-

625 2411 830 2476 tentio
875 2410 1223 2495 ingensque
1281 2412 1506 2477 seditio
1551 2414 1766 2478 exorta
1809 2415 1924 2478 est.
2017 2411 2103 2477 Et
2145 2411 2273 2477 nisi
2317 2410 2726 2494 pacificorum
2772 2409 2997 2475 homi-

623 2533 782 2581 num
825 2515 1188 2581 interventu
1228 2518 1436 2582 motus
1482 2516 1710 2584 fuisset
1738 2518 2143 2602 compositus,
2192 2517 2273 2584 ad
2304 2536 2479 2583 arma
2521 2516 2823 2601 utrinque
2854 2536 2993 2582 non

337 2646 415 2687 u.
441 2641 601 2696 April.
629 2622 767 2688 sine
812 2624 981 2688 certa
1047 2622 1223 2688 clade
1281 2625 1542 2689 ventum
1609 2624 1853 2690 fuisset.
1948 2623 2261 2689 Postridie
2305 2623 2563 2689 Belholt
2628 2642 2776 2687 cum
2844 2622 2994 2688 suis

627 2727 810 2811 gravi
878 2727 1270 2811 querimonia
1314 2747 1448 2793 rem
1492 2728 1571 2794 ad
1618 2731 1905 2794 senatum
1950 2729 2155 2794 defert
2208 2729 2330 2794 sibi
2379 2729 2634 2813 suisque
2678 2728 2992 2794 intolera-

626 2833 824 2898 bilem
867 2832 1169 2899 iniuriam
1200 2854 1236 2899 a
1267 2833 1650 2918 quibusdam
1694 2834 1939 2899 civibus
1984 2834 2252 2916 illatam,
2301 2835 2617 2901 maculam
2662 2834 2789 2899 sibi
2831 2852 2991 2917 per-

623 2942 853 3024 petuae
919 2939 1303 3024 ignominiae
1348 2941 1628 3006 inustam
1676 2940 1998 3025 queritur;
2071 2960 2135 3006 se
2179 2940 2371 3006 istam
2439 2940 2767 3008 infamiam
2810 2959 2987 3005 nun-

622 3063 819 3129 quam
862 3045 1131 3131 benigne
1163 3046 1423 3128 laturoS,
1473 3047 1581 3112 sed
1628 3047 1798 3131 ipsos
1844 3047 1922 3112 ad
1962 3066 2226 3130 poenam
2254 3048 2321 3112 et
2352 3047 2792 3113 commeritum
2822 3066 2985 3130 sup-

621 3150 891 3235 plicium
936 3152 1295 3234 vocaturos3
1343 3171 1411 3217 se
1447 3153 1615 3218 enim
1663 3172 1864 3237 neque
1909 3153 2079 3218 fures
2125 3172 2326 3238 neque
2372 3153 2707 3237 sacrilegos
2757 3151 2983 3236 appel-

620 3256 746 3323 lari
789 3275 999 3341 posse,
1070 3258 1181 3340 qui
1226 3260 1555 3341 praecepto
1600 3258 1722 3322 Dei
1789 3259 2176 3324 satisfacturi
2219 3258 2642 3325 idololatriam
2687 3277 2983 3324 amovere

619 3363 690 3428 et
733 3362 1038 3428 radicitus
1084 3362 1349 3429 evellere
1393 3363 1634 3447 Deique
1680 3364 1876 3430 solius
1920 3363 2190 3449 gloriam
2235 3365 2314 3430 ab
2345 3364 2519 3430 omni
2563 3364 2802 3429 iniuria
2830 3364 2979 3430 vin-

620 3466 837 3534 dicare
882 3469 1091 3534 conati
1138 3470 1285 3536 sint.
1356 3470 1472 3535 Rei
1515 3490 1662 3536 vero
1694 3490 2014 3537 carcerum
2058 3473 2314 3554 terrore,
2363 3490 2518 3555 quos
2551 3470 2678 3537 sibi
2720 3474 2976 3555 paratos

618 3592 759 3640 esse
803 3572 1176 3656 sentiebant,
1225 3574 1434 3640 adacti
1465 3575 1677 3640 omnia
1721 3577 2129 3642 recantabant
2173 3579 2238 3642 et
2268 3596 2332 3642 se
2364 3577 2577 3643 subita
2620 3577 2972 3658 iracundia,

619 3697 814 3763 quam
858 3678 1149 3744 cohibere
1209 3678 1670 3764 nequivissent,
1732 3681 1859 3746 ista
1901 3681 2394 3765 intemperanter
2437 3680 2734 3747 effudisse
2774 3669 2975 3766 'profi-

619 3785 874 3867 tentum
944 3803 1010 3849 se
1056 3784 1272 3868 itaque
1333 3786 1458 3851 sibi
1502 3786 1844 3853 clementer
1903 3787 2147 3873 ignosci
2212 3788 2553 3872 postulare.
2643 3788 2782 3858 Hoc
2827 3791 2973 3853 astu

618 3889 956 3956 violatores
986 3891 1369 3975 templorum
1400 3910 1665 3975 poenam
1698 3892 1856 3957 bene
1885 3894 2318 3959 commeritam
2351 3892 2645 3958 evadunt.
2704 3892 2972 3959 Senatus

616 3994 793 4061 enim
837 4013 1036 4078 pauca
1080 4014 1153 4060 ex
1199 3996 1426 4078 officio,
1499 3994 1609 4062 sed
1654 3997 1861 4063 multa
1905 3997 2382 4064 dissimulanter
2425 3997 2578 4083 agit,
2626 3998 2795 4064 unde
2839 3998 2969 4064 fac-

617 4099 930 4165 tiosorum
959 4099 1156 4165 animi
1187 4100 1267 4165 ad
1296 4101 1555 4185 quaevis
1600 4102 2020 4185 perpetranda
2063 4103 2442 4169 animantur.
2500 4103 2769 4184 Quaevis
2800 4104 2967 4170 enim

587 4204 689 4270 -in
736 4204 992 4288 templis
1039 4205 1496 4289 paroecialibus
1542 4225 1616 4271 ex
1652 4207 2097 4273 transactionis
2143 4207 2388 4274 foedere
2434 4208 2560 4275 sibi
2604 4209 2793 4275 licere
2839 4209 2965 4275 exi-

618 4310 905 4394 stimant,
952 4311 1109 4376 dum
1153 4311 1277 4377 sibi
1323 4332 1359 4377 a
1403 4312 1640 4396 templo
1686 4312 2001 4378 dominico
2046 4315 2418 4397 temperent.
