3259 5075
1217 246 1401 312 Anno
1453 245 1624 311 1534
1671 247 1827 310 acta.
2562 247 2694 311 553

344 421 624 505 doceant,
672 423 854 489 nobis
901 422 1208 506 praesint,
1279 424 1479 488 nostri
1527 422 1660 487 sint
1703 422 1912 504 duces,
1963 421 2385 504 centuriones,
2453 422 2691 506 princi-

343 527 547 610 paleS,
617 549 694 594 ne
739 529 1081 612 imparatos
1128 548 1240 594 nos
1287 528 1488 593 hostis
1557 528 1856 594 inveniat.
1952 527 2119 608 Quid
2164 528 2393 593 horum
2460 528 2692 594 facturi

346 633 508 716 sitis,
559 636 911 701 accuratius
957 636 1337 701 consulite!“

558 742 726 807 Haec
773 743 1049 807 consulis
1090 743 1288 808 oratio
1336 745 1645 826 quantum
1691 742 1986 807 audaciae
2032 742 2461 825 quantumque
2493 740 2691 805 animi

342 866 572 930 pavore
601 850 1053 932 propemodum
1085 851 1499 915 consternatis
1534 850 1851 931 tribuerit,
1899 848 2125 914 alacris
2158 850 2222 913 et
2250 849 2415 912 laeta
2444 849 2692 930 praeter

342 972 581 1017 morem
629 956 909 1019 omnium
957 956 1321 1020 acclamatio
1369 957 1523 1021 satis
1571 956 2044 1021 demonstravit.
2137 955 2323 1036 Hinc,
2387 954 2486 1019 uti
2532 955 2691 1019 iussi

343 1061 495 1124 sunt
543 1080 578 1124 a
622 1061 896 1143 consule,
948 1062 1164 1144 duceS,
1231 1063 1589 1146 signiferoS,
1653 1063 2048 1127 centuriones
2094 1062 2373 1145 aliosque
2418 1061 2690 1126 militiae

339 1164 705 1247 praefectoS,
756 1167 865 1250 qui
898 1168 1019 1232 sibi
1068 1167 1133 1231 in
1167 1169 1481 1251 praesenti
1530 1168 1900 1234 necessitate
1947 1168 2246 1251 praesint,
2297 1168 2511 1233 sedata
2540 1187 2690 1233 con-

342 1271 683 1337 sultatione
731 1273 976 1357 eligunt
998 1278 1035 1338 ¹.
1106 1273 1196 1339 Hi
1229 1283 1459 1356 autem,
1510 1276 1585 1339 ut
1615 1274 1871 1357 vigiliae
1916 1279 2259 1339 nocturnae
2305 1272 2691 1358 diurnaeque

340 1394 455 1457 per
498 1377 663 1442 vices
707 1379 1027 1444 commode
1074 1382 1474 1464 peragantur,
1524 1382 1723 1444 totam
1771 1380 2250 1445 multitudinem
2296 1381 2575 1463 primum
2620 1380 2690 1444 in

338 1484 677 1564 centuriaS,
726 1485 952 1551 deinde
997 1487 1064 1550 in
1108 1487 1465 1570 manipulos
1514 1485 1928 1565 distribuunt,
1992 1485 2222 1569 quibus
2269 1486 2463 1550 etiam
2508 1505 2688 1550 sena-

337 1589 492 1653 torii
522 1590 759 1656 ordinis
794 1592 917 1656 viri
964 1595 1042 1657 ab
1074 1594 1354 1658 excubiis
1400 1613 1526 1658 non
1555 1592 1889 1672 immuneS,
1941 1593 2014 1655 ut
2059 1592 2262 1657 omnis
2309 1591 2687 1675 proditionis

340 1696 616 1779 suspicio
663 1701 1041 1781 amoveatur,
1092 1700 1224 1764 suis
1268 1700 1515 1764 vicibus
1565 1697 1894 1782 vigilaturi
1940 1697 2368 1762 admiscentur
2388 1699 2427 1761 ².
2489 1697 2686 1763 Nemo

338 1803 435 1865 est
480 1800 550 1866 in
595 1804 777 1884 urbe,
851 1804 956 1869 cui
1002 1824 1126 1869 non
1188 1806 1273 1870 sit
1319 1825 1434 1870 sua
1500 1805 1772 1886 functi03
1845 1804 2113 1887 singulis
2183 1823 2334 1868 suus
2396 1804 2570 1869 locus
2618 1805 2689 1869 in

338 1908 596 1990 publica
640 1910 819 1975 urbis
854 1912 1320 1995 oppugnatione
1352 1911 1798 1990 defendendus,
1847 1930 2032 1994 quem
2063 1912 2175 1975 aut
2207 1910 2336 1975 vivi
2377 1912 2490 1974 aut
2518 1931 2686 1976 mor-

337 2014 436 2078 tui
484 2016 755 2097 teneant,
819 2018 1209 2083 severissime
1276 2018 1730 2098 committitur3
1801 2017 2049 2082 hostem
2102 2017 2271 2082 enim
2318 2016 2687 2083 validiorem

338 2120 407 2184 in
451 2141 579 2186 una
624 2123 836 2207 aliqua
882 2128 1059 2207 parte
1089 2125 1269 2190 urbis
1316 2124 1793 2208 impressionem
1839 2123 2065 2189 callide
2103 2123 2334 2205 moliri,
2384 2129 2457 2187 ut
2503 2126 2683 2206 oppi-

338 2226 519 2292 danis
566 2230 633 2292 in
681 2249 745 2295 se
792 2232 1144 2314 provocatis
1192 2230 1610 2296 *munitiones
1658 2230 1872 2314 aliqua
1916 2231 1984 2294 in
2028 2233 2207 2313 parte
2253 2229 2681 2295 defensoribus

337 2334 604 2399 nudatas
654 2338 968 2419 superent.
1064 2335 1334 2415 Quidam
1395 2336 1755 2402 recentibus
1802 2337 1997 2401 boum
2064 2336 2336 2419 pellibus
2382 2335 2684 2420 urnisque

339 2441 634 2505 coriaceis
704 2442 1004 2507 instructi
1072 2443 1150 2508 ad
1205 2443 1569 2509 incendium
1637 2445 1748 2508 aut
1795 2442 2228 2507 suffocandum
2297 2448 2408 2507 aut
2453 2442 2685 2507 restin-

336 2548 658 2630 guendum
705 2551 783 2614 ab
832 2551 1119 2634 igniferis
1174 2550 1335 2615 forte
1380 2550 1661 2615 hostium
1707 2549 1932 2614 iaculis
1992 2549 2177 2614 tectis
2226 2549 2477 2614 illatum
2524 2549 2683 2614 deli—

334 2656 593 2736 guntur.
687 2658 919 2740 Magna
964 2676 1210 2740 quoque
1277 2659 1662 2722 armatorum
1709 2657 1989 2721 virorum
2053 2655 2400 2719 multitudo
2448 2655 2682 2720 consti-

334 2761 561 2841 tuitur,
613 2782 770 2846 quae
815 2763 1153 2828 infirmiori
1199 2763 1376 2828 urbis
1423 2764 1592 2845 parti
1637 2764 1700 2827 et
1745 2762 2179 2828 laborantibus
2228 2761 2678 2843 defensoribuS,

336 2866 543 2930 sicubi
588 2887 744 2950 opus
777 2868 881 2950 sit,
932 2869 1218 2933 celeriter
1264 2869 1605 2933 succurrat.
1675 2867 2069 2948 Quibusdam
2112 2869 2435 2951 pulverem
2480 2867 2680 2932 nitra—

332 2974 475 3036 tum
521 2974 1048 3040 subministrandi
1092 2976 1416 3059 negotium
1463 2976 1668 3041 datur.
1762 2976 1997 3041 Pueros
2043 2973 2365 3039 iaculandi
2410 2974 2679 3038 artificio

553 3188 594 3254 ¹)
629 3187 742 3241 Der
765 3187 1099 3257 Einsetzung
1122 3205 1224 3242 von
1249 3187 1622 3257 Hauptleuten
1663 3188 1842 3258 gleich
1872 3204 1938 3241 zu
1963 3188 2177 3256 Beginn
2214 3186 2310 3241 der
2331 3186 2681 3256 Belagerung

329 3274 707 3346 widerspricht
760 3277 856 3330 der
890 3276 1116 3331 Bericht
1169 3277 1237 3330 H.
1278 3276 1694 3331 Gresbeck’s
1749 3276 1804 3332 S.
1842 3275 1971 3331 54f.
2043 3277 2117 3329 Er
2153 3275 2385 3343 erzahlt,
2440 3275 2541 3329 wie
2590 3274 2678 3330 (116

331 3363 732 3419 Wiedertaufer
787 3366 1048 3420 zunacbst
1101 3366 1259 3420 keine
1295 3366 1508 3420 Pfeifcn
1547 3365 1661 3419 und
1695 3364 2004 3420 Trommeln
2053 3365 2231 3418 haben
2266 3364 2510 3431 wollten,
2567 3364 2680 3418 und

327 3452 458 3523 fngt
493 3453 637 3507 daun
675 3453 863 3508 hinzu:
909 3455 1050 3520 „und
1087 3454 1298 3509 hedden
1336 3455 1434 3509 ock
1472 3454 1627 3508 nicht
1663 3455 1766 3508 mit
1802 3454 1907 3507 den
1943 3456 2114 3508 irstcn
2151 3453 2492 3524 hoptluede.“
2551 3454 2681 3508 Erst

329 3541 414 3595 als
453 3541 540 3596 die
576 3542 885 3613 Propheten
921 3544 1034 3597 und
1069 3543 1434 3598 Predikanten
1489 3543 1630 3598 nach
1669 3543 2103 3613 Zurateziehung
2155 3544 2248 3597 des
2300 3542 2449 3597 alten
2486 3543 2677 3597 Testa-

327 3634 539 3686 mentes
593 3630 808 3686 Pfeifen
844 3632 956 3685 und
992 3632 1301 3686 Trommeln
1341 3633 1616 3701 zuliessen,
1654 3632 1875 3686 wurden
1916 3631 2084 3701 „hopt
2119 3631 2230 3685 und
2266 3631 2671 3685 befelchluede“

326 3725 574 3774 ernannt.
615 3749 682 3758 —
724 3720 764 3785 ²)
802 3721 906 3774 Die
941 3721 1295 3792 Betciligmig
1331 3721 1427 3775 der
1461 3720 1912 3791 Ratsmitglieder
1947 3737 2016 3774 an
2058 3720 2153 3774 (161·
2180 3719 2375 3773 Wacht
2409 3720 2681 3775 berichtet

326 3808 470 3862 auch
523 3809 592 3863 H.
633 3809 979 3864 Gresbeck
1035 3810 1089 3864 S.
1128 3812 1188 3863 21
1215 3810 1254 3865 f.
1328 3810 1481 3864 Auch
1533 3811 1754 3864 wurden
1806 3809 1949 3863 nach
2002 3808 2116 3863 ihm
2168 3826 2289 3862 vom
2327 3808 2467 3862 Rate
2523 3810 2678 3863 sechs

330 3898 812 3963 „weldemeisters“
841 3899 1142 3968 verordnet,
1182 3899 1268 3952 (116
1292 3899 1530 3953 mussten
1560 3900 1695 3965 „mit
1718 3898 1822 3953 den
1844 3899 2016 3952 irsten
2050 3897 2158 3952 alle
2182 3897 2351 3951 nacht
2386 3896 2474 3951 die
2498 3897 2679 3952 wacko

323 4003 615 4055 verwaren,
653 3986 765 4040 und
790 3987 1002 4041 hedden
1041 3987 1149 4042 alle
1173 3987 1342 4042 nacht
1375 3988 1463 4041 ein
1487 3987 1617 4041 heer
1640 4004 1818 4056 panne
1854 3989 1958 4041 mit
1980 3987 2102 4041 fuer
2136 4003 2209 4056 up
2236 3986 2357 4040 dem
2394 3986 2678 4041 marckede

324 4076 521 4130 stain.“
572 4076 773 4146 Streng
809 4076 1056 4147 gere-golt
1090 4077 1236 4130 blieb
1274 4076 1362 4130 die
1386 4075 1880 4145 Beaufsichtigung
1914 4076 2011 4130 der
2035 4075 2275 4129 Wachen
2312 4075 2451 4129 auch
2477 4079 2678 4145 spater.

324 4164 382 4220 S.
419 4166 608 4219 weiter
642 4170 810 4220 unten
871 4165 960 4220 die
996 4164 1478 4235 Verpssichtungen
1535 4163 1630 4219 der
1682 4163 1845 4218 zwolf
1876 4163 2174 4218 Aeltesten.
2248 4163 2373 4234 Vgl.
2410 4163 2552 4218 auch
2588 4164 2678 4219 die

324 4253 688 4324 Schilderung
722 4254 792 4309 H.
820 4254 1212 4309 Gresbeck's
1252 4253 1306 4308 S.
1344 4256 1437 4308 160
1456 4252 1495 4307 f.
1533 4252 1623 4306 fiir
1658 4252 1746 4307 die
1772 4252 1893 4305 Zeit
1929 4252 2022 4306 des
2047 4252 2374 4322 Konigtums
2411 4251 2678 4307 Johann’s

320 4361 373 4399 1.
411 4344 633 4399 Leiden.

2708 2243 2737 2273 ⁴⁸
2753 2262 2807 2316 p.
2842 2245 2970 2301 471.
