3259 5075
654 247 787 313 544
1516 247 1701 314 Anno
1756 250 1926 315 1534
1971 250 2129 314 acta.

649 424 945 489 omnibus
1011 423 1270 507 templis
1316 423 1385 488 in
1432 444 1729 508 campum
1773 424 2162 490 dominicum
2232 426 2559 508 congestos
2608 443 2755 489 cum
2800 423 3010 488 literis

648 530 1036 614 consignatis
1098 532 1393 610 exurunt,
1449 532 1660 597 ⁴libros
1709 551 1853 597 vero
1917 532 2239 597 rationum
2285 534 2351 597 et
2394 534 2536 597 acta
2605 530 3011 595 iudicialium

649 654 982 700 causarum
1028 636 1395 718 discerpunt
1440 657 1511 702 ac
1556 658 1670 721 per
1699 638 1871 703 vicos
1919 638 2250 703 disiiciunt
2270 641 2310 702 ¹.
2382 638 2630 702 Vitreas
2677 637 3003 717 fenestraS‚

647 743 717 807 in
763 741 996 824 quibus
1044 743 1156 806 aut
1224 742 1501 827 insignia
1563 744 1877 809 maiorum
1924 745 2035 808 aut
2078 744 2386 827 imagines
2431 743 2701 808 Patrum
2745 743 3008 808 Sancto-

646 867 913 932 rumque
944 848 1290 930 reperiunt,
1330 849 1590 930 baculis,
1639 850 1919 914 fustibus
1951 852 2016 915 et
2044 850 2259 915 fundis
2294 849 2719 932 confringunt.
2775 847 3005 912 Nullas

646 955 818 1020 euim
862 954 1102 1020 Christi
1147 955 1459 1038 crucifixi,
1532 957 1772 1022 Mariae
1816 957 2129 1040 Virgini3‚
2179 957 2627 1039 Apostolorum
2673 958 2786 1020 aut
2829 955 3004 1019 Mar-

644 1064 865 1145 tyrum
909 1061 1236 1145 imagines,
1286 1080 1439 1144 quas
1472 1082 1597 1127 non
1644 1063 1931 1145 perdant,
1980 1063 2193 1128 ferunt
2213 1065 2264 1144 ²3
2314 1064 2380 1127 at
2426 1062 2841 1143 diabolorum,
2889 1061 3006 1126 Iu-

644 1168 941 1233 daeorum
987 1167 1453 1251 impiorumque
1499 1169 1910 1251 tyrannorum
1960 1169 2165 1234 icones
2197 1169 2377 1233 nulla
2420 1168 2837 1234 retinctorum
2866 1188 3007 1232 ma-

644 1293 765 1339 nus
812 1275 1092 1340 violavit.
1188 1274 1344 1339 Ossa
1398 1274 1773 1339 Sanctorum
1836 1275 2162 1341 dissolutis
2231 1275 2668 1340 reconditoriis
2715 1277 2780 1339 et
2825 1294 2999 1356 auro,

643 1383 902 1465 argento
947 1380 1406 1464 margaritisve‚
1480 1382 1715 1464 quibus
1763 1384 2056 1446 exornata
2100 1383 2371 1463 fuerant,
2421 1381 2621 1465 raptis
2669 1401 2782 1465 per
2829 1381 3003 1446 vicos

643 1489 843 1553 strata
886 1486 1171 1571 indignis
1220 1486 1422 1551 modis
1468 1489 1803 1570 proterunt
1821 1489 1862 1553 ⁸.
1929 1486 2180 1552 Idolum
2229 1488 2521 1570 deiparae
2566 1486 2851 1570 Virginis
2896 1488 3003 1551 bi-

638 1594 814 1658 frons
861 1594 924 1658 et
970 1592 1286 1658 deauratis
1349 1593 1530 1677 quasi
1603 1593 1798 1658 radiis
1867 1594 2332 1658 circumdatum
2377 1594 2445 1658 in
2490 1593 2699 1659 medio
2772 1593 3002 1676 templi

641 1698 1108 1764 Transfluviani
1153 1718 1224 1764 ex
1270 1699 1592 1765 testudine
1640 1719 2017 1783 suspensum
2062 1700 2476 1782 deturbant⁴;
2545 1718 2851 1784 organum
2896 1700 3001 1764 in-

357 1818 457 1889 ‘p.
493 1818 617 1876 464.
643 1805 821 1889 signe
867 1807 932 1870 et
976 1803 1240 1870 no*vum
1300 1806 1639 1871 excindunt
1656 1808 1700 1888 ⁵,
1773 1806 2020 1887 sedilia,
2093 1806 2320 1871 altaria
2366 1808 2429 1871 et
2490 1806 2743 1890 pulpita
2788 1806 3003 1871 omnia

641 1911 1025 1995 templorum
1069 1912 1246 1977 urbis
1295 1912 1752 1979 comminuunt.
1847 1913 2158 1979 Coenobia
2204 1913 2524 1996 virginum
2568 1913 2999 1978 Transfluvia-

638 2037 865 2082 narum
910 2020 976 2082 et
1019 2018 1514 2101 Aegidianarum
1560 2019 2023 2101 depraedantur
2038 2022 2081 2084 ⁶.
2148 2020 2223 2084 In
2269 2019 2647 2085 monasterio
2694 2019 2999 2102 Georgia-

638 2143 865 2188 norum
910 2124 980 2187 in
1026 2124 1299 2208 quadam
1368 2124 1523 2189 cista
1572 2144 1643 2190 ex
1690 2126 1926 2190 tabulis
1997 2127 2272 2191 roboreis
2318 2145 2443 2190 non
2490 2124 2720 2190 dolatis
2792 2125 2998 2189 instar

638 2229 1010 2313 sarcophagi
1055 2231 1403 2312 composita
1434 2231 1557 2297 duo
1589 2232 2008 2297 eucharistiae
2044 2231 2417 2314 repositoria
2447 2231 2765 2313 deaurata,
2798 2231 2996 2315 vulgo

635 2335 1114 2416 monstrantiaS,
1187 2337 1457 2420 quatuor
1503 2338 1756 2418 calices,
1830 2341 2196 2422 argenteum
2244 2338 2678 2419 thuribulum,
2753 2338 2995 2420 septem

635 2440 987 2505 cochlearia
1032 2442 1096 2505 et
1140 2441 1382 2526 aliquot
1428 2444 1700 2526 scyphos
1748 2446 2092 2528 argenteoS‚
2161 2445 2443 2528 pateram
2489 2444 2696 2510 omnis
2742 2444 2994 2528 generis

635 2549 1077 2632 argenteorum
1121 2548 1576 2614 numismatum
1608 2552 1674 2615 et
1719 2551 2001 2615 arculam
2047 2570 2199 2616 auro
2248 2551 2492 2634 signato
2539 2551 2835 2616 refertam
2881 2550 2994 2615 de-

633 2655 1034 2739 prehendunt
1051 2657 1094 2720 7.
1189 2655 1266 2719 Ι11
1311 2657 1488 2721 curia
1530 2658 1662 2720 tam
1724 2658 1983 2740 publica
2028 2675 2217 2741 quam
2277 2657 2641 2741 graphiaria
2685 2655 2992 2722 discussis

635 2762 790 2827 seris
836 2780 1138 2845 magnum
1190 2761 1355 2826 illud
1399 2762 1679 2827 civitatis
1729 2763 1983 2846 signum
2027 2761 2282 2826 Paulini
2330 2763 2556 2845 capitis
2602 2762 2994 2845 insculptam

633 2868 910 2951 effigiem
977 2868 1215 2933 habens
1262 2868 1599 2950 collidunt3
1676 2871 1914 2934 secreta
1961 2869 2170 2933 curiae
2218 2870 2282 2933 et
2327 2888 2442 2952 per
2485 2869 2722 2933 multos
2793 2888 2991 2933 annos

632 2974 850 3039 abdita
896 2976 1225 3058 eruuntur,
1295 2976 1705 3040 monumenta
1749 2975 2247 3059 privilegiorum,
2311 2975 2793 3057 plebiscitorum
2839 2994 2991 3039 con-

845 3275 889 3343 ¹)
928 3275 1034 3329 Zur
1058 3274 1436 3345 Vernichtung
1473 3275 1569 3329 der
1604 3274 2052 3330 Dombibliothek
2088 3275 2197 3345 vgl.
2226 3275 2362 3329 oben
2401 3275 2453 3329 S.
2492 3275 2615 3329 523.
2670 3275 2775 3329 Die
2813 3279 2987 3345 syste-

629 3362 894 3417 matische
918 3364 1312 3434 Verbrennung
1348 3364 1444 3419 der
1478 3364 1695 3418 Biicher
1731 3381 1819 3418 am
1848 3364 1930 3418 15.
1951 3364 2099 3418 Mara
2139 3363 2351 3418 erzahlt
2385 3363 2567 3419 Kerss.
2593 3364 2778 3418 weiter
2815 3368 2987 3418 unten

626 3449 770 3505 nach
805 3450 874 3506 Η.
913 3452 1113 3522 Dorp.
1185 3453 1326 3507 Dort
1359 3471 1401 3508 s.
1440 3453 1537 3507 das
1572 3453 1809 3508 Naherc.
1859 3432 1876 3451 ⁹

845 3538 890 3610 ⁹)
925 3541 1109 3612 Vergl.
1147 3542 1286 3594 dazu
1324 3542 1463 3595 oben
1500 3533 1698 3597 &522
1717 3541 1756 3594 f.
1831 3541 1895 3595 A.
1934 3541 2270 3596 Corvinus
2324 3540 2564 3595 schreibt
2617 3540 2753 3595 1536
2807 3558 2876 3595 an
2917 3540 2983 3595 G.

628 3626 881 3699 Spalatin
918 3628 982 3695 (s.
1019 3630 1081 3685 P.
1111 3629 1517 3684 Bahlmann:
1554 3629 1700 3684 Bibl.
1731 3631 1867 3683 1536
1905 3630 2005 3685 Nr.
2028 3631 2090 3697 43
2127 3631 2205 3684 im
2242 3629 2662 3700 Originaldruck
2697 3628 2783 3683 Bl.
2810 3629 2981 3698 Bm:

626 3715 1004 3786 „Imaginibus
1042 3718 1174 3771 adeo
1213 3717 1411 3771 infensi
1448 3717 1617 3787 fuere,
1669 3722 1734 3771 ut
1770 3719 1938 3772 etiam
1991 3720 2261 3788 pictarum
2301 3719 2358 3772 in
2395 3717 2695 3788 parietibus
2734 3735 2796 3772 ac
2832 3719 2983 3773 fene-

627 3806 757 3860 stris
796 3805 980 3874 facies,
1018 3806 1202 3860 oculos
1239 3822 1303 3860 ac
1341 3822 1436 3860 ora
1470 3807 1666 3861 misere
1704 3805 1997 3863 fedarint.“

843 3892 888 3962 ³)
925 3894 1047 3949 Nur
1081 3895 1138 3948 in
1177 3894 1272 3948 der
1307 3893 1662 3965 „Ordnung.“
1708 3894 1858 3948 Ganz
1897 3894 2118 3950 ahnlich
2154 3897 2232 3950 im
2266 3896 2620 3965 Manuscript,
2676 3894 2803 3965 Vgl.
2840 3896 2984 3950 auch

626 3980 725 4036 das
760 3983 1095 4039 Bekenntnis
1132 3982 1226 4036 des
1262 3983 1556 4052 Dionysius
1593 3984 1771 4039 Vinne
1819 3984 1914 4050 (M.
1956 3983 2112 4050 G.-Q.
2151 3983 2229 4054 H,
2266 3983 2410 4051 274).

841 4071 886 4140 ⁴)
923 4072 1036 4126 Das
1074 4071 1391 4126 fiborliefert
1425 4071 1607 4127 Kerss.
1648 4071 1832 4127 allein.
1873 4102 1939 4112 —
1981 4072 2025 4136 ⁸)
2064 4074 2186 4128 Nur
2220 4074 2276 4127 in
2315 4073 2411 4127 der
2445 4072 2800 4144 „Ordnung.“

841 4160 885 4227 ⁶)
921 4160 1044 4214 Nur
1078 4161 1136 4214 in
1174 4161 1271 4214 der
1305 4159 1662 4232 „Ordnung.“
1734 4160 2003 4217 Aehnlich
2039 4163 2116 4216 im
2152 4163 2508 4232 Manuscript-

845 4246 889 4317 ⁷)
924 4248 1048 4302 Nur
1090 4247 1261 4302 durch
1296 4249 1480 4304 Kerss.
1516 4248 1850 4304 iiberliefert.
