3259 5075
1166 260 1350 326 Anno
1401 260 1571 327 1536
1617 262 1776 327 acta.
2512 261 2642 327 333

290 436 466 501 dium
520 454 736 501 eorum
767 435 1015 500 civitati
1061 435 1394 520 relinquet,
1434 437 1601 501 unde
1631 455 1735 501 aes
1766 436 2046 502 alienum
2077 438 2323 502 exolvat
2366 437 2643 522 reliqua-

291 562 411 627 que
443 562 631 607 onera
674 542 951 626 perferat
992 546 1058 607 et
1103 542 1415 607 sustineat
1460 544 1708 625 praeter
1737 542 1823 623 id,
1874 542 2040 626 quod
2070 543 2149 607 ad
2183 543 2345 608 arcis
2394 546 2643 609 susten-

288 648 596 713 tationem
640 648 707 712 in
756 648 1185 731 superioribus
1239 647 1529 712 articulis
1577 647 1967 714 destinatum
2011 650 2122 713 est.

506 755 565 818 9.
614 752 1092 818 Archidiaconis
1140 752 1306 817 nihil
1351 753 1511 818 iuris
1558 755 1621 818 et
1666 752 2125 819 iurisdictionis
2172 754 2526 839 antiquitus
2572 755 2639 819 in

290 861 548 926 civitate
592 860 847 925 habitae
894 861 959 924 et
1004 861 1344 943 usurpatae
1390 860 1508 923 hac
1555 860 1947 925 ordinatione
1994 860 2326 926 adimetur.

515 970 610 1031 10.
676 966 864 1048 Cum,
913 971 989 1031 ut
1036 966 1325 1049 superius
1373 966 1617 1031 dictum
1664 968 1785 1048 est,
1837 966 2177 1031 dimidium
2221 969 2642 1050 proventuum

289 1072 538 1138 civitati
584 1093 656 1137 ex
701 1072 908 1156 gratia
951 1072 1365 1155 relinquatur,
1415 1071 1703 1136 consules
1734 1074 1799 1137 et
1846 1074 2097 1138 senatus
2144 1092 2290 1138 cum
2334 1093 2641 1140 consensu

290 1178 591 1261 praefecti
637 1178 799 1243 arcis
832 1178 1185 1243 officiorum
1216 1178 1393 1242 urbis
1440 1178 2018 1243 administrationes
2058 1180 2352 1246 fidelibus
2384 1182 2448 1246 et
2493 1200 2641 1246 con-

289 1285 544 1367 spicuae
591 1284 927 1367 probitatis
959 1283 1112 1347 viris
1159 1283 1432 1367 principi
1479 1270 1543 1348 et
1589 1285 1973 1367 reipublicae
2013 1286 2494 1352 Monasteriensi
2536 1288 2640 1352 iu-

289 1391 445 1455 ratis
493 1390 832 1455 concedent
876 1393 941 1456 et
987 1410 1052 1455 re
1097 1391 1189 1454 ita
1234 1390 1516 1473 exigente
1562 1391 1642 1455 ab
1687 1390 1914 1455 iisdem
1960 1391 2184 1456 officiis
2232 1394 2641 1458 removebunt

290 1497 569 1580 aliosque
617 1498 1025 1561 substituent.
1088 1498 1297 1580 Atque
1343 1497 1412 1560 hi
1460 1497 1527 1559 in
1574 1496 1933 1579 interregno
1979 1499 2121 1579 post
2151 1499 2417 1563 mortem
2463 1499 2640 1581 prin-

287 1604 448 1684 cipis
509 1603 588 1666 ad
645 1603 790 1667 novi
858 1603 1134 1685 episcopi
1205 1601 1706 1686 designationem
1775 1602 2031 1687 eiusque
2100 1604 2640 1669 confirmationem

287 1711 567 1792 capitulo
615 1710 678 1773 et
721 1709 991 1774 militari
1036 1709 1245 1773 ordini
1291 1709 1490 1772 simili
1554 1709 1956 1773 iureiurando
2006 1709 2297 1774 obstricti
2344 1713 2527 1775 erunt
2576 1711 2641 1776 et

287 1834 400 1880 suo
447 1818 728 1898 tempore
776 1834 920 1879 cum
953 1834 1281 1880 oeconomo
1327 1814 1636 1898 principis
1684 1834 1893 1879 coram
1924 1815 2085 1879 arcis
2132 1816 2415 1898 praeside
2459 1836 2637 1900 prae-

288 1922 575 1985 sentibus
625 1921 988 1985 consulibus
1037 1922 1100 1985 et
1146 1922 1369 1984 senatu
1415 1919 1846 1985 administrati
1893 1921 2089 1985 officii
2135 1924 2413 1986 exactam
2446 1923 2639 1988 ratio-

286 2047 432 2092 nem
476 2026 757 2091 reddent.

509 2135 609 2197 11.
658 2131 839 2196 Arcis
887 2131 1078 2196 etiam
1125 2151 1370 2210 praeses
1418 2134 1481 2196 et
1528 2134 1781 2196 senatus
1814 2132 2139 2197 universae
2186 2134 2467 2199 civitatis
2509 2137 2637 2200 sta-

285 2240 429 2302 tum
477 2240 765 2303 accurate
810 2238 1379 2320 perscrutabuntur
1423 2240 1487 2302 et
1533 2239 1817 2303 omnium
1870 2239 2492 2305 circumstantiarum
2539 2261 2638 2306 ra-

286 2346 458 2410 tione
506 2345 724 2410 habita
768 2345 847 2409 ad
893 2345 1258 2409 concordiae
1306 2348 1369 2411 et
1413 2345 1706 2428 publicae
1752 2345 2057 2410 utilitatis
2106 2348 2639 2413 conservationem

282 2451 454 2534 leges
525 2451 816 2534 politicas
864 2454 928 2515 et
987 2451 1403 2533 municipales
1472 2451 1746 2532 emendi,
1817 2451 2154 2533 vendendi,
2227 2453 2640 2518 contrahendi

283 2559 779 2641 commerciaque
847 2558 1156 2622 uberioris
1228 2559 1538 2623 commodi
1606 2558 1813 2642 gratia
1879 2557 2184 2623 miscendi
2251 2558 2318 2622 in
2382 2560 2638 2624 civitate

285 2665 693 2730 constituent.

511 2774 606 2835 12.
657 2771 819 2836 Cum
851 2771 1423 2853 exploratissimum
1456 2771 1557 2852 sit,
1609 2771 1776 2854 quod
1809 2791 1920 2853 per
1953 2772 2261 2853 sodalitia,
2314 2770 2633 2837 consocia-

287 2877 516 2958 tioneS,
589 2875 1186 2942 confoe*derationes
1232 2879 1417 2960 atque
1465 2878 1808 2942 conventus
1856 2878 2142 2942 tribuum
2187 2880 2374 2961 atque
2420 2878 2632 2960 plebe-

281 3001 466 3047 arum
514 2982 834 3046 curiarum
880 2982 1083 3046 omnis
1131 2983 1374 3064 seditio,
1433 2983 1642 3063 factio,
1708 2984 1941 3048 abusus
1988 2986 2051 3048 et
2094 2983 2519 3048 inobedientia
2563 2984 2633 3049 in

285 3088 610 3152 civitatem
658 3088 1213 3152 Monasteriensem
1259 3089 1629 3172 irrepserint
1652 3093 1693 3170 ¹,
1752 3088 2015 3172 ideoque
2060 3089 2271 3154 curiae
2317 3092 2381 3154 et
2425 3089 2632 3155 tribus

283 3212 498 3258 omnes
546 3194 611 3258 in
645 3195 801 3258 urbe
845 3195 1152 3259 tollentur
1196 3196 1573 3278 penitusque
1620 3197 2094 3278 abrogabuntur
2124 3215 2323 3278 neque
2352 3215 2634 3278 unquam

284 3300 720 3364 restituentur.
792 3300 1137 3381 Praeterea,
1187 3302 1264 3363 ut
1307 3300 1543 3365 futuris
1591 3300 1869 3364 motibus
1919 3300 2120 3365 omnis
2168 3301 2407 3366 occasio
2452 3321 2633 3384 prae-

279 3407 598 3488 cludatur,
672 3426 869 3489 neque
918 3406 1292 3471 clandestini
1355 3426 1551 3491 neque
1612 3407 1933 3472 manifesti
1993 3409 2361 3487 conventus,
2435 3407 2631 3471 socia-

284 3514 506 3594 tioneS‚
556 3495 1122 3578 confoederationes
1165 3514 1418 3594 civium,
1469 3513 1838 3594 incolarum,
1889 3512 2360 3596 peregrinorum
2391 3513 2491 3577 vel
2523 3513 2633 3578 ad-

279 3619 696 3683 ventitiorum
741 3619 1074 3683 hominum
1128 3619 1192 3683 in
1242 3620 1499 3685 civitate
1545 3620 1958 3702 perferentur.
2054 3619 2121 3683 Si
2168 3618 2277 3703 qui
2325 3638 2467 3683 vero
2513 3620 2632 3684 hoc

284 3723 606 3789 decretum
673 3725 1128 3789 contumaciter
1194 3726 1607 3807 excusserint,
1681 3745 1805 3790 non
1867 3725 2072 3790 solum
2133 3725 2341 3805 bonis,
2412 3743 2634 3788 verum

277 3829 475 3894 etiam
506 3830 732 3895 ultimo
780 3831 1092 3914 supplicio
1140 3850 1251 3913 pro
1284 3850 1692 3913 personarum
1727 3832 1788 3896 et
1835 3850 2045 3895 rerum
2091 3831 2396 3915 qualitate
2428 3831 2632 3895 mulc-

277 3936 607 4000 tabuntur.

505 4043 602 4105 13.
666 4041 767 4104 Ad
813 4042 992 4124 haec,
1066 4063 1210 4107 cum
1257 4046 1400 4108 ante
1446 4044 1617 4108 hunc
1687 4044 2070 4128 superiorem
2115 4045 2359 4108 motum
2404 4042 2629 4108 civitas

281 4146 349 4210 in
383 4165 487 4211 sex
517 4150 746 4229 parte8‚
795 4167 950 4231 quas
988 4148 1423 4232 leyschoppias
1456 4151 1698 4232 vocant,
1750 4150 1944 4214 fuerit
1974 4149 2178 4213 divisa
2209 4152 2273 4213 et
2306 4148 2626 4230 distincta,

497 4325 540 4393 ¹)
583 4325 900 4395 „georsaket
936 4325 1048 4379 und
1083 4326 1381 4395 vortganck
1419 4329 1785 4398 genomnien.†‘

2414 4412 2541 4478 32*

2658 2891 2687 2923 ⁸*
2705 2910 2757 2964 p.
2796 2893 2921 2951 635.
