3259 5075
1184 357 1368 422 Anno
1422 359 1590 423 1533
1638 359 1795 422 acta.
2529 361 2661 423 429

294 552 460 617 quae
508 531 703 598 *tunc
771 534 917 599 viva
959 553 1108 599 voce
1180 534 1552 618 respondere
1598 555 1724 600 non
1788 534 1999 617 licuit,
2063 554 2136 600 ea
2179 553 2348 599 nunc
2394 554 2431 600 a
2475 535 2657 600 nobis
2685 552 2782 623 *μ
2818 553 2962 610 384,

296 640 621 723 descripta
666 640 1031 706 christianis
1079 642 1438 724 pectoribus
1485 642 1840 726 accipiatis;
1890 661 2035 707 cum
2083 641 2236 705 satis
2269 643 2661 723 compertum

296 747 389 811 sit
434 746 617 811 vobis
664 747 869 812 nostri
918 748 1200 813 muneris
1246 767 1397 831 csse,
1446 750 1522 813 ut
1568 749 1848 814 oviculas
1892 747 2131 814 Christi
2178 747 2359 812 nobis
2406 767 2659 812 concre-

296 854 468 918 ditas
518 872 849 936 pascamus
895 856 961 918 et
1005 874 1077 919 ea
1124 855 1331 919 solum
1400 874 1842 938 proponamuS,
1916 873 2074 938 quae
2119 853 2412 919 Christus
2479 873 2659 919 man-

297 959 499 1042 davit,
548 978 748 1043 neque
778 960 859 1025 iis
894 960 1234 1044 quicquam
1280 960 1686 1025 detrahamus
1731 979 1933 1044 neque
1964 960 2287 1040 addamus,
2338 959 2446 1024 sed
2481 959 2657 1043 quic-

297 1065 456 1149 quid
503 1065 585 1130 ad
629 1085 917 1131 normam
962 1067 1081 1131 Dei
1126 1085 1254 1130 non
1299 1065 1602 1150 dirigitur
1656 1086 1858 1150 neque
1902 1066 2004 1130 illi
2050 1064 2383 1146 consentit,
2447 1083 2656 1149 repre—

296 1172 673 1256 hendamus,
718 1173 1082 1238 reiiciamus
1113 1175 1179 1236 et
1225 1171 1519 1254 stirpitus
1565 1171 1972 1237 eradicemus,
2035 1170 2346 1236 Similiter
2375 1189 2485 1235 vos
2531 1189 2657 1235 non

294 1279 476 1360 latet,
527 1281 763 1362 quanta
808 1298 954 1343 cum
999 1277 1290 1343 molestia
1335 1280 1399 1343 et
1442 1278 1656 1343 labore
1701 1278 1771 1341 in
1801 1280 2140 1360 conspectu
2186 1275 2389 1342 omnis
2434 1276 2658 1360 populi

295 1387 667 1468 susceptum
713 1385 830 1450 hoc
861 1385 1127 1450 docendi
1164 1403 1397 1450 munus
1444 1384 2096 1450 administraverimus
2128 1403 2242 1448 nec
2273 1402 2311 1446 a
2340 1402 2657 1467 quoquam

293 1489 369 1554 in
412 1489 585 1554 hunc
630 1510 830 1576 usque
875 1489 1045 1555 diem
1089 1490 1319 1556 erroris
1367 1490 1643 1555 convicti
1691 1490 1910 1572 simus,
1959 1490 2061 1554 vel
2105 1489 2274 1574 quod
2320 1508 2358 1553 a
2393 1489 2658 1554 veritate

294 1596 507 1661 aliena
551 1596 983 1678 docuerimus;
1038 1616 1228 1680 quam
1275 1596 1467 1661 etiam
1514 1595 1870 1661 doctrinam
1913 1598 2195 1661 nostram
2242 1594 2457 1659 ultimi
2504 1613 2656 1677 sup-

292 1701 483 1784 plicii
526 1701 828 1785 periculo,
895 1720 1257 1786 quanquam
1312 1721 1436 1766 non
1484 1701 1571 1766 sit
1614 1700 2064 1783 necessarium,
2135 1720 2246 1767 nos
2292 1701 2655 1766 defensuros

293 1825 433 1871 esse
480 1807 828 1890 recepimus
861 1809 926 1872 et
969 1807 1177 1872 adhuc
1225 1806 1581 1889 recipimus,
1655 1806 1926 1872 Proinde
1957 1806 2136 1871 vobis
2183 1805 2657 1889 expendendum

292 1912 748 1996 relinquimus,
819 1912 969 1997 quid
1032 1912 1288 1996 egeritis
1335 1912 1648 1996 quibusve
1710 1912 2078 1977 christianis
2137 1912 2387 1996 legibus
2434 1912 2656 1977 confisi

292 2038 411 2084 1103
459 2020 538 2083 ab
586 2019 794 2085 officio
840 2018 1251 2085 removeritis.
1348 2018 1613 2100 Scimus,
1664 2018 1821 2102 quid
1863 2019 2100 2083 Paulus
2154 2023 2183 2083 l
2234 2017 2519 2083 Corinth.
2574 2020 2657 2083 14

293 2124 503 2190 dicat:
579 2126 749 2208 „Si,“
800 2126 1029 2210 inquit,
1088 2124 1241 2208 „alii
1285 2124 1481 2190 fuerit
1548 2124 1898 2189 revelatum
1960 2124 2289 2206 assidenti,
2337 2124 2514 2208 prior
2556 2125 2655 2189 ta-

296 2233 437 2295 ceat
457 2232 543 2295 ¹.“
637 2231 972 2297 Neminem
1015 2253 1161 2299 vero
1208 2234 1520 2316 novimuS,
1590 2251 1899 2316 nemoque
1945 2232 2174 2316 prodit,
2245 2232 2351 2297 cui
2394 2231 2656 2298 meliora

295 2337 430 2402 sint
473 2338 767 2403 revelata.
830 2339 961 2405 Nos
1006 2341 1222 2405 tamen
1264 2341 1472 2404 tacere
1504 2339 1815 2405 voluistis.
1883 2339 1951 2404 Si
1981 2340 2196 2404 autem
2243 2339 2475 2423 aliquis
2521 2359 2653 2404 me-

294 2442 458 2507 h'ora
525 2444 825 2527 adferret,
898 2464 1169 2529 aequum
1239 2448 1403 2511 esset
1446 2465 1561 2511 nos
1606 2447 1830 2511 tacere.
1926 2445 2256 2512 Praeterea
2323 2447 2650 2527 miramur,

295 2550 452 2634 quid
497 2570 629 2633 vos,
676 2571 867 2634 penes
916 2572 1070 2636 quos
1115 2554 1522 2637 profanarum
1566 2553 1827 2636 quidem
1872 2572 2085 2618 rerum
2130 2553 2488 2620 iurisdictio
2535 2557 2649 2635 est,

293 2656 373 2720 de
419 2657 539 2722 hac
599 2677 847 2742 quoque
892 2678 959 2723 re
1019 2659 1343 2725 iudicandi
1410 2659 1855 2725 auctoritatem
1914 2660 2094 2726 vobis
2165 2660 2488 2744 arrogetis.
2582 2660 2652 2725 Si

290 2764 629 2829 christiani
675 2783 806 2830 esse
838 2765 1055 2849 vultis,
1104 2786 1229 2851 qua
1266 2766 1470 2832 fronte
1516 2766 1814 2831 civilibus
1847 2767 2071 2832 vestris
2119 2766 2478 2831 interdictis
2511 2785 2650 2830 ver-

292 2870 451 2933 bum
495 2870 615 2935 Dei
658 2871 970 2955 impedire
1015 2874 1080 2937 et
1127 2872 1428 2937 remorari
1473 2872 1769 2937 audetis?
1833 2871 2163 2955 Scriptura
2206 2872 2503 2937 ecclesiae
2549 2871 2649 2936 iu-

290 2976 537 3041 dicium
566 2978 815 3060 tribuit,
865 2980 930 3043 et
960 2996 1105 3043 cum
1136 2979 1433 3043 ecclesiae
1479 2978 1975 3043 christianorum
2006 2978 2136 3044 sint
2166 2980 2233 3043 et
2262 2997 2395 3043 esse
2427 2977 2645 3058 velint,

292 3083 349 3147 si
396 3083 613 3167 itaque
656 3103 767 3150 vos
813 3087 925 3150 aut
968 3084 1131 3149 alius
1178 3085 1496 3168 quispiam
1558 3085 1856 3150 adversus
1901 3104 2015 3150 nos
2062 3085 2398 3168 quicquam
2444 3083 2647 3149 habu-

288 3189 477 3271 isset,
527 3190 693 3255 illud
738 3191 805 3255 in
852 3191 1114 3256 ecclesia
1159 3193 1224 3256 et
1267 3192 1747 3277 congregatione
1794 3190 2080 3256 fidelium
2126 3190 2308 3255 nobis
2353 3209 2647 3273 praesen-

288 3295 468 3360 tibus
538 3297 934 3380 propositum
1000 3297 1256 3380 fuisset,
1303 3300 1367 3363 et
1413 3298 1468 3362 si
1512 3297 1802 3362 veritatis
1871 3297 2088 3381 clypeo
2137 3316 2259 3361 non
2305 3295 2646 3360 fuissemus

287 3403 670 3467 communiti
737 3422 935 3487 neque
982 3403 1331 3468 doctrinam
1378 3405 1661 3468 nostram
1720 3403 2074 3469 manifestis
2136 3420 2454 3468 sacrarum
2499 3401 2646 3466 lite-

286 3526 507 3571 rarum
552 3508 936 3574 testimoniis
969 3508 1481 3592 defendissemus,
1530 3510 1758 3575 merito
1804 3509 2040 3574 iudicio
2072 3512 2137 3575 et
2179 3527 2412 3592 poenae
2444 3507 2645 3573 subii-

286 3631 595 3677 ceremur.
659 3612 862 3693 Quam
895 3633 1148 3679 causam
1195 3615 1492 3681 adversus
1539 3635 1652 3680 nos
1698 3614 1965 3697 habetiS,
2014 3616 2124 3699 qui
2170 3615 2522 3679 doctrinam
2567 3614 2645 3678 de

286 3718 689 3802 baptizandis
759 3720 1113 3785 infantibus
1181 3740 1504 3787 erroneam
1548 3742 1682 3787 esse
1748 3722 2014 3805 professi
2061 3723 2322 3787 sumus?
2413 3720 2645 3785 Contra

285 3826 574 3909 agnitam
621 3826 953 3891 veritatem
1012 3826 1179 3890 nihil
1224 3827 1407 3892 nobis
1453 3827 1768 3911 agendum
1814 3847 1947 3893 esse
1992 3828 2416 3909 decrevimus3
2481 3825 2643 3890 ferre

282 3934 500 3996 tamen
546 3951 901 4014 possumus,
948 3935 1024 3997 ut
1068 3930 1208 3997 *ini
1252 3932 1371 3999 hoc
1402 3934 1656 4016 faciant,
1706 3935 1818 4019 qui
1861 3934 2074 4000 minus
2120 3933 2461 4018 agnitionis
2493 3951 2640 3997 con·
2666 3966 2696 3997 .-
2712 3983 2764 4036 p.
2800 3965 2938 4022 3852

285 4038 492 4102 secuti
539 4040 691 4103 sunt
719 4040 784 4103 et
814 4057 951 4103 eam
997 4038 1277 4104 nondum
1308 4044 1460 4106 sunt
1504 4041 1788 4125 professi,
1838 4043 1912 4106 ut
1954 4041 2468 4124 imprudentibus
2509 4058 2640 4104 361·-

286 4144 518 4225 viatur,
554 4143 751 4209 donec
782 4145 1014 4210 veritas
1045 4145 1248 4228 magis
1295 4148 1593 4229 patescat.
1644 4147 2075 4230 Vosmetipsos
2120 4147 2424 4212 iudicate!
2476 4144 2639 4210 Cum

284 4249 880 4333 paedobaptismum
926 4268 1258 4317 erroneum
1288 4272 1420 4318 esse
1467 4253 1811 4319 dixerimus
1857 4272 2058 4337 neque
2089 4272 2197 4318 vos
2231 4270 2428 4335 neque
2475 4251 2637 4316 alius

504 4446 546 4514 ¹)
588 4446 614 4498 1
656 4443 902 4500 corinth.
942 4445 1026 4513 14,
1061 4446 1149 4500 30.
