3259 5075
1179 304 1363 369 Auno
1417 305 1585 370 1534
1634 306 1792 370 acta.
2528 304 2658 369 617

306 478 594 557 Quorum
639 478 834 544 etiam
877 478 1002 545 dux
1033 481 1336 547 Albertus
1367 480 1648 546 Beltzius
1695 499 1876 565 saepe
1909 482 2023 546 aut
2066 481 2314 563 privata
2347 479 2663 563 colloquia

306 604 455 650 cum
499 585 682 650 hoste
725 585 989 651 miscere
1036 589 1145 653 aut
1189 606 1458 671 puerum
1503 590 1888 654 secretorum
1933 587 2341 653 consiliorum
2384 585 2662 652 indicem

303 689 378 754 in
423 690 648 755 urbem
691 691 946 757 mittere
992 693 1057 757 et
1099 712 1245 757 cum
1276 692 1607 777 oppidanis
1655 692 1968 759 colludere
2014 692 2255 758 solebat
2275 694 2317 757 ¹.
2387 690 2661 757 Proinde

304 814 539 879 magna
581 796 1004 862 Misnensium
1046 798 1414 879 multitudo,
1463 818 1611 864 cum
1655 798 1863 882 pridie
1907 798 2042 863 eius
2080 797 2207 862 diei
2250 797 2500 881 integra
2544 797 2660 861 sti-

305 901 524 985 pendii
588 901 889 968 militaris
959 905 1190 970 solutio
1237 906 1362 969 sibi
1406 905 1574 970 facta
1642 905 1870 969 fuisset
1913 907 1978 969 et
2023 904 2314 988 princeps
2378 902 2662 969 nondum

304 1006 480 1090 ipsos
527 1008 789 1074 remisso
837 1010 1106 1075 militari
1152 1012 1539 1076 sacramento
1583 1012 2072 1092 exauctorasset,
2122 1009 2385 1074 desertis
2434 1008 2659 1074 castris

306 1114 443 1178 sine
489 1114 779 1197 legitima
823 1134 1012 1181 causa
1042 1116 1272 1181 ultima
1313 1116 1485 1181 Iunii
1530 1117 1911 1200 intempesta
1954 1117 2134 1181 nocte
2179 1115 2543 1181 clanculum
2579 1116 2659 1181 ab
2686 1131 2755 1174 ⁸0·
2784 1127 2921 1174 Juni-

303 1219 491 1286 hoste
551 1221 867 1287 secedunt.
962 1221 1274 1289 Continuo
1343 1223 1703 1289 Bernardus
1750 1222 1827 1286 de
1872 1221 2287 1300 Westerholt,
2356 1220 2660 1305 magister

304 1326 615 1409 equitum,
666 1346 811 1391 cum
845 1347 958 1392 suo
991 1329 1279 1412 equitatu
1311 1329 1617 1413 principis
1654 1328 1836 1394 iussu
1866 1327 2281 1412 persequitur,
2330 1327 2435 1392 cui
2466 1327 2660 1392 etiam

303 1433 725 1516 permittitur,
774 1437 850 1499 ut
884 1437 919 1500 7
953 1437 1066 1500 aut
1098 1438 1137 1501 8
1183 1435 1525 1519 praecipua
1554 1454 1773 1500 eorum
1817 1434 2027 1518 capita
2056 1433 2464 1515 decollentur,
2514 1432 2658 1498 aliis

304 1537 432 1603 duo
497 1537 689 1621 digiti
733 1560 767 1604 e
813 1540 1027 1606 dextra
1095 1561 1289 1607 manu
1355 1541 1804 1624 praecidantur
1821 1543 1862 1608 ².
1956 1542 2088 1606 Hos
2135 1559 2280 1605 cum
2339 1539 2658 1623 equitatus

301 1661 431 1708 non
494 1645 717 1726 procul
762 1647 842 1712 ab
889 1646 1120 1731 oppido
1192 1647 1620 1713 Sendenhorst
1678 1646 1748 1712 in
1792 1648 1948 1712 villa
2004 1646 2422 1730 Iungemanni
2491 1665 2659 1711 asse-

303 1752 608 1833 queretur
654 1753 717 1816 et
761 1752 1001 1835 villam,
1049 1754 1116 1819 in
1149 1773 1340 1838 quam
1386 1773 1450 1818 se
1482 1757 1866 1837 receperant,
1914 1753 2192 1837 undique
2237 1753 2406 1818 fossa
2449 1751 2658 1835 vepri-

299 1855 550 1938 busque
582 1857 895 1923 munitam
944 1861 1009 1925 et
1053 1860 1350 1944 repagulo
1396 1859 1604 1943 ligneo
1654 1860 1933 1925 clausam
1977 1859 2241 1942 aliisque
2285 1856 2659 1922 munitioni-

303 1962 425 2026 bus
474 1964 893 2030 tumultuario
953 1965 1185 2046 labore,
1234 1966 1310 2030 ut
1355 1970 1604 2048 tempus
1650 1965 1917 2047 ferebat,
1989 1964 2275 2030 excitatis
2341 1964 2659 2029 firmatam

300 2068 598 2152 ipsosque
629 2069 975 2138 desertores
1022 2074 1087 2136 et
1129 2070 1431 2155 fugitivos
1477 2071 1842 2137 bombardis
1888 2072 2156 2155 aliisque
2185 2069 2378 2135 armis
2425 2068 2503 2133 ad
2535 2069 2658 2134 im-

301 2176 690 2257 pressionem
737 2176 1058 2259 equitatus
1127 2177 1553 2260 repellendam
1615 2177 1962 2243 instructos
2009 2196 2082 2242 ac
2126 2178 2193 2242 in
2241 2176 2372 2241 acie
2419 2177 2656 2241 stantes

302 2283 611 2362 cerneret,
681 2302 826 2349 mox
894 2283 1320 2349 Theodoricus
1368 2283 1445 2348 de
1487 2283 1659 2349 Reke
1677 2284 1722 2366 ³,
1791 2283 1892 2348 vir
1948 2283 2130 2349 fortis
2191 2284 2256 2348 et
2316 2282 2653 2364 animosus,

299 2385 760 2452 Theodoricum
793 2388 870 2454 de
900 2389 1069 2453 Reke
1085 2391 1132 2472 ⁴,
1175 2390 1546 2455 canonicum
1576 2390 1802 2472 templi
1833 2389 2088 2455 maioris
2121 2387 2653 2470 MonasteriensiS,

299 2493 608 2577 sanguine
655 2494 778 2561 sibi
824 2494 1117 2561 iunctum
1151 2497 1215 2561 et
1260 2514 1453 2580 aeque
1500 2496 1853 2562 animosum
1898 2515 1971 2562 ac
2001 2496 2158 2562 aciei
2202 2495 2441 2580 primae
2487 2514 2656 2561 com-

525 2707 564 2773 ¹)
603 2707 737 2762 Dal's
773 2707 1036 2762 Albrecht
1071 2726 1122 2762 v.
1148 2708 1403 2778 Beltzigk
1438 2707 1758 2764 wiederholt
1791 2709 1896 2764 mit
1931 2708 2036 2764 den
2071 2707 2347 2763 Inhabern
2382 2707 2655 2762 Miinstere

299 2793 671 2862 verbandclte,
725 2796 992 2851 beweisen
1041 2796 1130 2850 die
1166 2796 1350 2850 Briefe
1387 2795 1483 2850 der
1516 2797 1824 2852 Miinsterer
1879 2814 1949 2850 an
1986 2796 2080 2850 ihn
2135 2794 2247 2849 und
2285 2794 2388 2849 den
2443 2795 2654 2865 Haupt-

296 2898 466 2934 mann
506 2881 687 2953 Georg
720 2901 769 2937 v.
809 2884 1236 2961 Wulframsdori
1267 2902 1390 2938 vom
1426 2886 1514 2939 20.
1552 2884 1666 2938 und
1701 2885 1787 2938 22.
1824 2885 1937 2939 Mai
1986 2883 2227 2954 (abgedr.
2265 2883 2340 2938 M.
2380 2883 2537 2948 G.-Q.
2574 2882 2654 2951 11,

299 2969 408 3022 239
427 2969 528 3035 ff.).
603 2971 781 3026 Dafiir
817 2975 961 3041 aber,
1019 2973 1138 3027 dass
1184 2972 1439 3042 Beltzigk
1475 2972 1865 3028 verraterische
1902 2972 2198 3027 Absichten
2235 2970 2417 3041 hegte‚
2470 2970 2656 3026 bieten

297 3055 391 3110 die
430 3059 710 3128 sonstigen
736 3060 966 3126 Quellen
1003 3061 1200 3116 keinen
1222 3060 1447 3115 Anhalt.
1502 3060 1782 3115 Vielmehr
1818 3059 2025 3130 spricht
2059 3060 2307 3129 dagegen
2343 3057 2522 3112 direkt
2557 3057 2656 3114 das

296 3144 638 3201 Bekenntnis
674 3148 1175 3219 Knipperdolling’s
1229 3166 1352 3202 vom
1388 3150 1474 3203 25.
1514 3148 1630 3202 Juli
1675 3148 1810 3202 1535
1864 3147 1962 3215 (M.
2002 3146 2159 3212 G.-Q.
2195 3145 2275 3214 11,
2312 3144 2460 3214 377),
2514 3146 2654 3201 nach

297 3232 424 3287 dem
461 3234 716 3306 Beltzigk
770 3237 970 3291 einmal
1024 3238 1112 3291 bei
1167 3238 1317 3292 einer
1371 3235 1852 3291 Zusammenkunft
1903 3252 1999 3289 vor
2034 3234 2157 3289 dem
2212 3234 2499 3289 Stadtthor
2551 3235 2656 3290 mit

295 3321 759 3395 Knipperdolliug
795 3325 980 3379 diesen
1014 3324 1115 3378 hat
1148 3326 1471 3379 bestimmen
1494 3325 1707 3392 wollen,
1744 3342 1848 3379 von
1885 3325 2088 3379 seinem
2112 3322 2455 3379 Vornehmen
2492 3324 2654 3379 abzu-

295 3411 496 3465 stehen
532 3411 644 3466 und
681 3412 796 3466 sich
833 3412 989 3467 nicht
1025 3413 1138 3467 also
1175 3411 1436 3468 verleiten
1475 3430 1541 3466 zu
1567 3413 1763 3467 lassen.
1812 3412 1939 3483 vgl.
1977 3411 2118 3466 auch
2154 3411 2653 3484 Knipperdolling's

297 3499 585 3570 Aussagen
623 3501 713 3554 bei
748 3501 802 3556 J.
839 3501 894 3554 N
909 3502 1145 3555 iesert:
1183 3500 1333 3556 U.-S.
1370 3500 1418 3556 1.
1457 3500 1512 3556 S.
1554 3501 1673 3556 187.

518 3588 563 3655 ⁵¹)
600 3589 791 3644 Dieses
845 3588 957 3643 und
994 3589 1082 3644 die
1129 3590 1423 3660 folgenden
1460 3589 1834 3644 Einzelheiten
1884 3588 2157 3643 berichtet
2191 3605 2294 3643 nur
2329 3589 2511 3644 Keras.
2584 3587 2654 3643 In

296 3677 406 3731 den
431 3677 610 3732 Akten
650 3678 745 3732 des
783 3678 956 3733 St.-A.
979 3678 1055 3734 M.
1090 3678 1231 3749 liegt
1256 3677 1352 3733 das
1379 3678 1628 3748 Original
1667 3679 1813 3732 eines
1836 3676 2224 3732 bischossichen
2249 3676 2502 3731 Bcfehles
2530 3694 2652 3731 vom

296 3767 388 3820 30.
426 3765 559 3820 Juni
613 3783 683 3820 an
720 3766 920 3822 Bernh.
957 3783 1007 3821 v,
1045 3766 1378 3821 Westerholt
1411 3784 1522 3821 vor.
1595 3766 1669 3820 Es
1717 3765 1885 3820 heisst
1938 3766 2121 3819 darin:
2181 3803 2226 3831 „.
2249 3806 2260 3818 .
2282 3803 2297 3818 .
2336 3765 2434 3819 dat
2470 3764 2544 3818 du
2579 3765 2653 3836 dy

294 3857 388 3908 tor
425 3854 618 3909 stundt
652 3858 773 3925 myt
807 3854 952 3909 allen
990 3854 1168 3925 dynen
1202 3858 1439 3923 ruteron,
1475 3858 1594 3924 myt
1628 3853 2083 3909 hovetharnssche
2118 3853 2261 3908 unde
2295 3852 2533 3923 spiessen
2569 3870 2651 3907 er-

294 3942 490 3996 hevest
525 3942 636 3997 und
673 3946 730 3997 to
769 3946 912 3997 twcn
938 3958 1070 3997 uren
1107 3942 1433 4013 namiddage
1470 3941 1749 4012 gewislich
1785 3945 1874 3996 tor
1898 3941 2188 3996 Wolbecke
2227 3940 2528 3995 erechinest
2565 3980 2577 3993 .
2599 3979 2614 3994 .
2636 3980 2650 3994 .

294 4030 412 4085 und
450 4030 550 4085 ock
585 4030 756 4100 etlige
777 4034 931 4085 ruter
967 4030 1154 4085 daerto
1179 4029 1540 4097 verordenes‘ss
1579 4030 1659 4084 de
1696 4029 1776 4084 de
1814 4029 2161 4100 gefaugon
2198 4028 2507 4083 knechte
2544 4032 2653 4084 tor

295 4118 670 4174 Wolbecke
706 4118 834 4173 uth
872 4118 1016 4173 dem
1053 4119 1261 4173 lande
1297 4119 1613 4189 brengen
1648 4117 1789 4172 und
1822 4118 2095 4189 wysen.“

516 4206 560 4276 ⁸)
597 4206 710 4262 Aue
747 4207 844 4261 der
878 4207 1034 4261 Linie
1072 4224 1139 4261 zu
1175 4206 1405 4262 Senden.

514 4294 562 4360 4)
597 4295 711 4349 Ans
748 4295 846 4350 der
879 4295 1035 4350 Linie
1072 4312 1138 4349 zu
1174 4296 1430 4350 Heessen.
1501 4294 1688 4365 VergL
1726 4294 1786 4351 C.
1823 4311 1877 4350 u.
1916 4294 1980 4350 Ο.
2006 4311 2053 4349 v.
2081 4294 2132 4349 d.
2157 4293 2412 4348 Recke:
2455 4292 2651 4350 Gesch.

291 4382 395 4436 der
429 4382 641 4437 Herren
677 4400 726 4437 v.
753 4383 805 4437 d.
830 4383 1009 4439 Recke
1049 4384 1296 4452 (Breslau
1335 4383 1495 4451 1878)
1537 4383 1590 4440 S.
1631 4383 1792 4439 1261:
1829 4400 1883 4438 u.
1926 4382 2044 4438 147.
