3259 5075
659 236 792 300 874
1519 236 1703 300 Anno
1762 236 1925 300 1536
1972 242 2131 300 acta.

657 410 910 477 insidet.
980 410 1295 477 Continuo
1341 431 1448 476 rex
1493 413 1843 493 accusatur,
1893 412 2060 496 quod
2106 413 2174 476 in
2205 412 2412 477 Deum
2456 415 2520 478 et
2564 412 3025 496 magistratum

656 517 1045 605 deliquisset,
1095 537 1333 583 errores
1379 516 1878 600 anabaptisticos
1910 518 2195 584 conciliis
2243 521 2604 584 sanctorum
2633 519 2908 584 Patrum
2952 522 3029 584 et

655 623 901 708 legibus
949 622 1246 689 civilibus
1294 623 1620 688 damnatos
1667 624 2124 705 resuscitasset,
2174 627 2565 690 sacramenta
2604 624 2816 690 omnia
2866 645 3022 690 con-

654 730 1043 812 taminasset,
1092 730 1331 813 templa
1361 733 1427 795 et
1470 729 1652 795 aedes
1700 748 1904 796 sacras
1952 730 2255 796 diruisset
2286 734 2350 796 et
2393 730 2784 814 diripuisset,
2835 750 3018 796 sacra

627 837 1064 920 profanasset,
1115 837 1488 902 seditionem
1520 837 1913 918 concitasset,
1963 837 2410 921 magistratum
2448 837 2809 921 legitimum
2842 837 3023 902 deie-

371 1170 401 1199 ·
419 1187 472 1240 p.
510 1170 631 1225 629.

655 942 861 1024 cisset,
912 961 976 1007 se
1009 943 1263 1026 propria
1293 943 1669 1008 auctoritate
1717 943 2154 1009 substituisset
2185 945 2250 1009 et
2279 946 2497 1008 contra
2540 943 2641 1007 ius
2675 961 3021 1007 commune

655 1067 863 1131 regem
932 1048 1184 1114 fecisset
1260 1049 1733 1133 maiestatisque
1800 1049 2063 1114 crimine
2126 1068 2190 1115 se
2251 1048 2767 1130 contaminasset,
2840 1048 3023 1113 cives

657 1154 950 1220 omnibus
1000 1153 1218 1220 *bonis
1288 1159 1504 1221 exutos
1556 1156 1836 1239 urbeque
1904 1156 2132 1221 eiectos
2201 1155 2269 1221 in
2314 1156 2680 1220 luctuosum
2747 1154 3017 1219 exilium

654 1261 1068 1344 profligasset,
1119 1281 1276 1346 quae
1323 1262 1535 1327 omnia
1579 1267 1712 1328 tam
1745 1263 1875 1328 sint
1919 1261 2255 1328 manifesta
2297 1280 2368 1327 ac
2400 1262 2693 1326 omnibus
2739 1281 2855 1343 per
2886 1261 3016 1325 Ro-

655 1387 915 1431 manum
961 1368 1299 1451 imperium
1345 1371 1477 1433 tam
1524 1369 1802 1451 supremi
1849 1388 2037 1452 quam
2098 1368 2305 1433 infimi
2354 1367 2592 1432 ordinis
2637 1366 3019 1431 hominibus

655 1474 748 1538 ita
779 1474 910 1538 sint
941 1477 1106 1555 nota,
1156 1476 1232 1539 ut
1276 1474 1646 1557 probatione
1694 1475 1871 1539 nulla
1901 1476 2141 1558 egeant.
2208 1473 2565 1556 Respondet
2586 1476 2606 1511 ¹
2653 1493 2718 1537 se
2750 1472 3015 1555 quidem

654 1580 1117 1664 magistratum,
1165 1600 1290 1644 non
1322 1583 1532 1645 autem
1565 1581 1772 1646 Deum
1818 1580 2168 1645 offendisse.
2236 1579 2431 1659 Quasi
2461 1597 2603 1643 vero
2651 1596 2775 1642 non
2809 1577 3014 1641 offen-

656 1685 768 1750 dat
811 1687 1034 1767 Deum,
1098 1686 1207 1770 qui
1254 1686 1711 1752 ordinationem
1756 1686 1934 1751 illius
1979 1685 2327 1751 contemnit
2372 1686 2437 1749 et
2481 1684 2738 1749 evertit!
2831 1684 3015 1748 Ana-

656 1791 1044 1873 baptismum
1090 1794 1303 1856 autem
1349 1793 1412 1856 et
1457 1792 1830 1856 seditionem
1876 1810 1914 1856 a
1959 1811 2023 1856 se
2067 1792 2135 1855 in
2183 1791 2523 1873 perniciem
2590 1790 3017 1874 magistratus

657 1900 1031 1962 commotam
1099 1899 1288 1981 atque
1351 1897 1552 1961 laesae
1621 1897 1970 1962 maiestatis
2040 1896 2279 1961 crimen
2348 1896 2703 1962 confitetur.
2799 1896 3017 1976 Quare

651 2004 842 2067 morti
890 2003 1307 2068 adiudicatur.
1387 2005 1655 2086 Propter
1700 2004 1914 2068 eadem
1962 2022 2209 2087 quoque
2258 2003 2710 2086 propemodum
2757 2003 3021 2086 flagitia

652 2108 1259 2192 Knipperdollingus
1293 2128 1363 2173 ac
1388 2110 1816 2193 Krechtingus
1850 2110 2070 2175 mortis
2104 2110 2416 2174 sententia
2447 2109 2950 2174 condemnantur
2970 2111 3013 2173 ².

865 2213 1180 2279 Continuo
1228 2216 1548 2280 carnifices
1610 2235 1820 2299 regem
1886 2217 2166 2299 primum
2228 2215 2525 2280 numellis
2570 2216 2896 2280 inclusum
2946 2220 3017 2280 et

651 2321 795 2403 palo
860 2321 1189 2403 alligatum
1260 2321 1674 2386 candentibus
1722 2325 1785 2386 et
1828 2321 2052 2406 ignitis
2120 2322 2470 2404 forcipibus
2539 2321 2899 2404 corripiunt
2946 2326 3019 2387 et

652 2427 1042 2492 musculosas
1087 2428 1155 2490 in
1200 2429 1334 2492 tot-o
1382 2447 1635 2511 corpore
1682 2429 1968 2493 carnium
2029 2429 2254 2511 pulpas
2302 2429 2793 2512 apprehensant‚
2844 2448 3015 2512 quae

652 2532 732 2598 ad
778 2533 1060 2617 singulos
1105 2536 1312 2599 tactus
1356 2534 1756 2600 manifestam
1801 2537 2120 2601 flammam
2166 2537 2497 2616 emittunt,
2569 2536 2736 2600 unde
2782 2539 3015 2601 tantus

652 2640 900 2705 exhalat
945 2640 1160 2722 foetor,
1211 2643 1285 2705 ut
1330 2642 1612 2706 omnium
1659 2643 1727 2706 in
1758 2643 1891 2707 foro
1926 2643 2232 2707 stantium
2265 2662 2444 2707 nares
2492 2643 2774 2726 graviter
2806 2642 3009 2707 offen-

651 2747 964 2812 derentur.
1016 2748 1228 2812 Simili
1259 2766 1456 2830 poena
1486 2750 1548 2812 et
1579 2747 1808 2831 reliqui
1842 2748 2241 2828 afficiuntur3
2292 2747 2757 2812 intolerabilius
2790 2750 3013 2811 tamen

652 2855 716 2918 et
759 2853 1193 2937 impatientius
1242 2854 1559 2919 cruciatus
1592 2854 1747 2919 istos
1793 2855 2066 2937 perferre
2098 2854 2220 2918 visi
2252 2856 2418 2935 sunt,
2468 2872 2658 2936 quam
2690 2873 2796 2917 rex
2827 2853 3006 2935 ipse;

650 2961 943 3044 pluribus
976 2961 1143 3025 enim
1190 2961 1483 3025 lamentis
1516 2963 1579 3026 et
1607 2960 1868 3026 vocibus
1912 2961 2189 3026 dolorem
2234 2962 2552 3025 testantur
2569 2960 2612 3024 ³.
2682 2960 3005 3042 Knipper-

650 3224 765 3279 sich
803 3225 878 3279 im
902 3205 1215 3294 Folgenden
1253 3228 1405 3278 sonst
1427 3225 1626 3278 wieder
1660 3223 1921 3279 teilweise
1944 3224 2192 3279 wortlich
2216 3242 2287 3279 an
2323 3225 2466 3278 Ant.
2505 3223 2812 3278 Corvin’s
2849 3223 3017 3278 Brief

648 3312 736 3367 Bl.
775 3312 817 3367 C
840 3316 898 3366 lv
934 3314 1268 3368 anschliesst.
1341 3312 1493 3366 Auch
1531 3314 1599 3367 D.
1638 3313 1824 3368 Lilie
1862 3331 1909 3367 a.
1932 3330 1981 3367 a.
2003 3313 2067 3367 Ο.
2105 3312 2323 3382 melden
2361 3313 2482 3367 dass
2519 3313 2607 3366 die
2645 3312 3005 3381 Gesangenen

653 3419 780 3470 „vor
817 3401 913 3456 dat
935 3402 1090 3456 recht
1124 3402 1267 3455 unde
1291 3401 1597 3456 richtestoil
1634 3402 1925 3471 gebracht“
1954 3401 2192 3470 wurden‚
2233 3402 2364 3468 „dar
2387 3418 2444 3456 se
2471 3403 2573 3455 mit
2599 3400 2819 3454 ordelen
2855 3402 3011 3456 unde

648 3489 871 3544 rechten
911 3493 1021 3544 tom
1059 3489 1318 3544 smeliken
1354 3490 1497 3544 unde
1534 3489 1998 3544 vorschreckliken
2034 3489 2173 3544 dode
2208 3489 2530 3544 vorordelt.“

867 3597 909 3664 ¹)
946 3596 1067 3651 Von
1103 3595 1223 3650 hier
1269 3597 1353 3650 bis
1391 3612 1512 3649 zum
1551 3595 1805 3650 Schlusse
1843 3595 1937 3650 des
1974 3594 2234 3650 Absatzes
2288 3595 2569 3650 wortliche
2604 3593 2894 3664 Anklange
2932 3612 3007 3649 an

650 3684 755 3738 den
789 3684 947 3739 Brief
977 3684 1120 3739 Ant.
1160 3683 1469 3739 Corvin’s.

865 3772 908 3840 ²)
945 3772 1093 3827 Ant.
1131 3771 1400 3826 Corvin:
1445 3789 1598 3839 „cum
1637 3772 1704 3827 ob
1745 3772 1931 3826 eadem
1985 3772 2215 3827 crimina
2267 3777 2652 3827 accusarentur
2702 3788 2878 3842 neque
2919 3774 3007 3826 in-

647 3860 835 3930 fitiari,
874 3877 1012 3931 quae
1050 3860 1415 3930 designatam,
1453 3863 1723 3931 possent.“

865 3949 909 4014 ³)
947 3949 1093 4004 Ant.
1133 3948 1377 4004 Cor-vin
1417 3949 1658 4005 schreibt
1694 3951 1827 4005 iiber
1863 3949 1966 4004 den
1992 3950 2196 4020 Konig:
2240 3949 2397 4016 „Non
2433 3949 2523 4003 hic
2557 3949 2751 4017 dicam,
2790 3954 3007 4019 quanta

647 4037 971 4093 fortitudine
1007 4040 1063 4092 in
1100 4038 1434 4108 perferendis
1472 4040 1803 4093 cruciatibus
1839 4040 1961 4092 istis
1998 4054 2128 4093 usus
2166 4039 2267 4102 sit;
2304 4054 2481 4108 neque
2518 4039 2662 4092 enim
2700 4037 2786 4092 vel
2812 4055 3005 4093 vocem

651 4127 832 4183 emisit
887 4126 1086 4181 doloris
1141 4129 1387 4182 testem.“
1462 4127 1583 4182 Von
1619 4126 2076 4197 Knipperdolling
2130 4131 2256 4197 sagt
2292 4143 2373 4181 er:
2418 4168 2463 4192 „.
2486 4166 2532 4179 ..
2573 4128 2667 4197 qui
2704 4129 2892 4180 tamen
2932 4127 3002 4182 ad

647 4215 834 4287 palum
871 4215 1160 4286 deligatus,
1197 4233 1269 4270 an
1306 4215 1515 4287 aliquid
1549 4216 1765 4270 locutus
1804 4217 1894 4282 sit,
1931 4216 2129 4270 nescio.
2185 4214 2345 4269 Certe
2381 4216 2476 4285 qui
2513 4232 2620 4269 non
2657 4218 2772 4269 tam
2808 4215 3005 4284 procul

646 4321 682 4359 a
708 4304 962 4375 supplicii
996 4304 1115 4359 loeo
1152 4305 1396 4372 aberant,
1434 4321 1596 4375 quam
1619 4322 1735 4373 nos,
1774 4304 1970 4359 dixisse
1997 4321 2119 4358 eum
2156 4303 2359 4358 ferunt:
2399 4303 2548 4358 Deus
2584 4303 2853 4374 propitius
2882 4307 3003 4359 esto
