3259 5075
1197 326 1381 393 Anno
1433 327 1606 393 1534
1652 328 1810 392 acta.
2543 326 2675 390 587

318 524 448 570 non
492 505 736 571 indicto
782 505 949 571 bello
981 505 1199 570 contra
1243 503 1357 586 fas,
1406 505 1627 569 contra
1659 503 1866 567 Deum
1912 504 2100 586 atque
2145 502 2482 567 amabilem
2510 501 2677 567 veri-

318 613 521 677 tatem
565 611 866 695 pecuniae
911 609 1120 695 gratia
1166 610 1481 693 suscipere
1530 610 1798 692 bellum,
1869 608 1980 693 qui
2025 608 2369 675 mendaciis
2416 608 2678 674 adducti

319 717 505 783 nobis
550 717 786 783 infensi
844 718 994 782 sunt
1054 716 1514 798 existimantes,
1566 716 1620 781 si
1669 735 1780 781 nos
1826 716 2021 781 armis
2089 717 2563 799 persequantur,
2612 733 2678 780 se

320 826 573 906 gratum
616 823 748 887 Deo
797 821 1170 905 obsequium
1215 822 1653 905 praestituros.
1715 823 1804 888 Ut
1849 824 2063 888 autem
2110 822 2365 906 singuli,
2395 823 2678 886 vestrum

319 928 689 1011 intelligant
733 930 1214 1013 accuratiusque
1259 948 1472 995 secum
1503 928 1876 1013 expendant,
1925 928 2080 1012 quid
2126 930 2320 1013 agant
2364 929 2429 992 et
2461 928 2679 992 contra

322 1053 478 1118 quos
526 1053 702 1099 arma
743 1033 1032 1118 induant,
1082 1036 1232 1101 fidei
1280 1037 1343 1101 et
1387 1035 1557 1102 vitae
1600 1036 1852 1101 nostrae
1897 1035 2207 1101 rationem
2251 1034 2530 1099 breviter
2573 1050 2678 1097 ex-

319 1139 724 1224 plicabimus.
789 1141 975 1207 Fides
1007 1143 1073 1207 et
1116 1142 1350 1207 fiducia
1378 1145 1598 1208 nostra
1629 1144 1728 1207 est
1770 1142 1836 1207 in
1871 1160 2072 1207 unum
2101 1160 2322 1207 verum
2364 1141 2431 1205 et
2461 1138 2680 1204 vivum

320 1246 556 1329 Deum,
634 1248 978 1312 creatorem
1024 1247 1182 1313 coeli
1228 1250 1293 1313 et
1337 1250 1567 1330 terrae,
1640 1248 1808 1313 sicut
1871 1248 2187 1331 scriptura
2255 1248 2470 1312 sancta
2513 1244 2677 1309 illud

320 1353 518 1418 latius
550 1352 837 1436 explicat,
887 1354 1055 1437 quod
1085 1355 1462 1439 perlongum
1493 1357 1659 1421 esset
1702 1354 1810 1419 hic
1838 1354 2147 1439 persequi.
2207 1353 2453 1419 Scimus
2484 1351 2678 1418 etiam

323 1461 389 1523 et
433 1458 778 1525 credimus:
849 1461 1175 1525 aeternum
1220 1462 1424 1527 Deum
1469 1462 1766 1527 timentes
1812 1481 1878 1526 se
1924 1462 1988 1526 et
2032 1460 2099 1525 in
2144 1461 2251 1526 via
2295 1479 2410 1524 sua
2453 1460 2678 1524 ambu-

320 1565 528 1629 lantes
598 1584 834 1648 amare,
899 1567 1118 1631 contra
1182 1566 1614 1632 malefactores
1675 1585 1889 1631 omnes
1957 1566 2026 1630 in
2072 1564 2279 1631 *terra
2337 1563 2677 1630 enormiter
2700 1577 2800 1651 Ἴ).
2836 1576 2978 1634 494.

323 1670 550 1736 odisse.
630 1670 791 1737 Cum
835 1671 1037 1755 igitur
1080 1672 1148 1737 in
1194 1673 1399 1739 Deum
1444 1672 1761 1738 credimus
1809 1673 1875 1737 et
1920 1671 2154 1737 scimus
2210 1691 2355 1737 eum
2400 1689 2534 1735 esse
2578 1688 2680 1735 re-

322 1778 790 1843 muneratorem
835 1777 987 1861 illis,
1037 1777 1148 1861 qui
1190 1777 1406 1861 ipsum
1450 1798 1525 1843 ex
1567 1779 1703 1843 toto
1736 1777 1944 1843 animo
1992 1779 2303 1861 quaerunt
2348 1778 2412 1841 et
2454 1776 2524 1840 in
2554 1775 2677 1841 viis

322 1881 504 1948 illius
574 1884 932 1967 ambulant,
1003 1884 1098 1949 ita
1141 1885 1275 1950 vita
1341 1887 1558 1951 nostra
1602 1904 1813 1949 coram
1856 1884 1987 1949 Deo
2034 1886 2131 1950 est
2190 1882 2555 1966 composita,
2602 1883 2680 1946 ut

324 1988 579 2053 nullum
644 1988 815 2055 inter
873 2009 985 2056 nos
1047 1991 1311 2076 flagitiis
1358 1991 1701 2057 obnoxium
1765 1990 2160 2075 impunitum
2226 1989 2674 2073 relinquamus,

323 2095 561 2160 nedum
605 2095 761 2162 talia
805 2098 1050 2182 flagitia
1093 2101 1159 2164 et
1202 2099 1482 2164 enormia
1525 2105 1813 2181 peccata,
1861 2098 2074 2182 qualia
2117 2097 2194 2162 de
2238 2096 2421 2162 nobis
2465 2095 2680 2179 impu-

325 2200 549 2267 denter
593 2202 762 2268 inter
804 2224 914 2269 vos
964 2203 1435 2289 confinguntur,
1486 2205 1875 2289 perferamus
1922 2208 1987 2270 et
2030 2203 2168 2270 fieri
2213 2203 2677 2287 permittamus.

322 2308 659 2374 Praeterea
704 2309 761 2375 si
793 2312 1109 2376 constaret
1152 2312 1334 2377 nobis
1381 2331 1494 2377 nos
1526 2331 1883 2395 quenquam
1928 2313 2176 2395 praeter
2207 2310 2502 2376 Satanam
2546 2307 2680 2373 illi-

325 2433 528 2498 usque
574 2413 887 2481 familiam
932 2417 1351 2500 defraudasse,
1399 2419 1827 2502 quadruplum
1874 2417 2148 2483 libenter
2185 2416 2678 2482 refunderemuS.

326 2521 501 2587 Haec
547 2524 646 2587 est
712 2522 868 2589 fides
915 2525 980 2589 et
1024 2524 1159 2591 vita
1220 2526 1453 2591 nostra.
1546 2526 1718 2591 Deus
1764 2526 1861 2591 est
1906 2525 2121 2591 nostra
2187 2523 2447 2606 fiducia,
2518 2541 2677 2605 spes,

327 2627 720 2711 praesidium
767 2631 832 2694 et
876 2631 1133 2714 clypeus
1180 2634 1423 2714 noster3
1474 2631 1679 2716 ipsius
1724 2632 2041 2697 voluntati
2087 2631 2348 2715 obsequi
2391 2631 2681 2696 nostrum

327 2733 712 2800 desiderium
743 2737 858 2818 est,
908 2736 1039 2802 sive
1068 2738 1409 2804 vivendum
1440 2739 1572 2804 sive
1600 2739 2000 2805 moriendum
2045 2738 2132 2803 sit
2161 2737 2360 2802 nobis.
2408 2736 2682 2802 Proinde

325 2858 454 2905 non
499 2839 933 2925 formidamus,
982 2843 1136 2927 quid
1183 2844 1638 2927 Antichristus,
1688 2845 2056 2926 sacerdotes,
2103 2842 2397 2908 monachi
2435 2845 2500 2908 et
2544 2841 2682 2907 dia-

326 2945 463 3010 boli
508 2947 746 3012 astutia
776 2966 923 3012 cum
967 2950 1104 3014 tota
1132 2949 1388 3015 cohorte
1419 2969 1690 3033 cumque
1733 2949 1891 3034 ipsis
1936 2949 2283 3015 inferorum
2330 2949 2529 3033 portis
2569 2948 2681 3013 ad-

326 3068 548 3117 versus
594 3072 705 3118 nos
752 3053 1117 3120 moliantur.
1211 3056 1445 3121 Nostra
1488 3056 1623 3121 vita
1667 3056 1737 3121 in
1781 3055 2035 3122 Christo
2103 3054 2470 3121 abscondita
2526 3056 2680 3119 tunc

325 3158 612 3242 primum
656 3159 907 3244 incipit,
954 3161 1203 3245 quando
1250 3161 1403 3227 haec
1434 3181 1577 3227 caro
1623 3162 2077 3228 mortalitatem
2123 3160 2433 3245 deposuit.
2502 3161 2681 3226 Tunc

328 3264 543 3330 hostes
588 3265 709 3330 Dei
753 3266 1015 3331 stimulo
1044 3267 1191 3332 Iesu
1221 3266 1463 3333 Christi
1509 3270 1905 3333 occurrentes
1936 3267 2124 3332 fracti
2156 3268 2220 3331 et
2264 3264 2505 3350 repulsi
2534 3285 2683 3331 con-

330 3371 682 3437 fundentur
712 3375 778 3438 et
819 3373 1163 3456 pudefient.
1223 3373 1428 3454 Quare
1458 3374 1809 3459 resipiscite
1841 3377 1906 3440 et
1949 3392 2187 3439 errores
2217 3375 2480 3455 vestros,
2527 3371 2684 3437 dum

329 3477 617 3562 potestis,
666 3480 1005 3563 agnoscite,
1052 3500 1133 3546 ne
1177 3479 1304 3565 ipsi
1350 3481 1418 3546 in
1466 3484 1748 3547 vestrum
1792 3480 2057 3547 exitium
2101 3479 2345 3545 foveam
2389 3478 2679 3545 fodiatis!

332 3585 642 3667 Optamus
687 3585 858 3650 enim
904 3586 1187 3652 omnium
1254 3587 1584 3653 hominum
1655 3586 2183 3671 resipiscentiam,
2231 3589 2308 3652 ut
2351 3585 2687 3652 nobiscum

334 3689 494 3756 salvi
539 3689 715 3757 fiant.
808 3689 977 3770 Quid
1020 3712 1166 3758 vero
1228 3693 1409 3759 nobis
1469 3693 1756 3758 homines
1804 3694 2050 3776 optent,
2113 3693 2284 3758 Deus
2330 3691 2418 3757 sit
2459 3691 2681 3757 iudex!

331 3797 506 3864 Haec
553 3818 664 3881 pro
711 3799 987 3885 benigna
1048 3800 1476 3866 admonitione
1523 3799 1824 3885 suscipite
1871 3801 1953 3882 et,
2002 3819 2081 3864 ne
2125 3800 2413 3864 nostrum
2458 3797 2685 3863 ducem

333 3903 671 3987 antiquum
715 3907 781 3971 et
824 3906 983 3971 bene
1028 3907 1438 3972 exercitatum
1484 3905 1834 3989 offendatis,
1882 3905 2196 3971 cavetote!
2289 3905 2519 3972 Omnes
2564 3903 2688 3969 Dei

330 4009 547 4076 hostes
578 4030 703 4076 non
735 4030 913 4077 secus
944 4030 1134 4095 quam
1180 4012 1425 4095 paleam
1460 4013 1525 4076 et
1569 4011 1945 4095 quisquilias
1976 4011 2402 4092 aestimamus,
2451 4009 2690 4094 quibus

333 4115 650 4200 intrepide
695 4115 875 4183 ducis
904 4118 1108 4184 nostri
1153 4117 1464 4202 praesidio
1508 4116 1660 4183 freti
1691 4117 2073 4183 resistemus.
2123 4116 2209 4182 Et
2253 4118 2420 4182 certe
2451 4115 2686 4181 durum

333 4223 460 4289 erit
502 4222 661 4307 ipsis
707 4226 926 4291 contra
987 4225 1320 4291 stimulum
1382 4224 1710 4290 calcitrare
1730 4227 1753 4264 ¹
1798 4226 1865 4288 et
1906 4222 2145 4289 iudicio
2189 4223 2309 4288 Dei
2357 4241 2422 4289 se
2466 4221 2694 4307 impli-

553 4418 599 4488 ¹)
634 4417 756 4475 Act.
791 4418 982 4490 Apost.
1019 4419 1070 4488 9,
1107 4419 1159 4475 5.
