<?xml version="1.0" encoding="UTF-8"?>
<!DOCTYPE html PUBLIC "-//W3C//DTD XHTML 1.0 Transitional//EN"
    "http://www.w3.org/TR/xhtml1/DTD/xhtml1-transitional.dtd">
<html xmlns="http://www.w3.org/1999/xhtml" xml:lang="en" lang="en">
 <head>
  <title>
</title>
<meta http-equiv="Content-Type" content="text/html;charset=utf-8" />
  <meta name='ocr-system' content='tesseract 3.04.00' />
  <meta name='ocr-capabilities' content='ocr_page ocr_carea ocr_par ocr_line ocrx_word'/>
</head>
<body>
  <div class='ocr_page' id='page_1' title='image "./hermanniakersse00westgoog_0512.png"; bbox 0 0 3259 5075; ppageno 0'>
   <div class='ocr_carea' id='block_1_1' title="bbox 345 2495 601 2655">
    <p class='ocr_par' dir='ltr' id='par_1_1' title="bbox 345 2495 601 2655">
     <span class='ocr_line' id='line_1_1' title="bbox 345 2495 601 2567; baseline 0.004 -18"><span class='ocrx_word' id='word_1_1' title='bbox 345 2495 441 2567; x_wconf 66' lang='grc' dir='ltr'>*μ</span> <span class='ocrx_word' id='word_1_2' title='bbox 481 2496 601 2551; x_wconf 83' lang='lat'><strong>638.</strong></span> 
     </span>
     <span class='ocr_line' id='line_1_2' title="bbox 441 2601 598 2655; baseline 0.019 -12"><span class='ocrx_word' id='word_1_3' title='bbox 441 2601 598 2655; x_wconf 85' lang='lat' dir='ltr'>(Mai.)</span> 
     </span>
    </p>
   </div>
   <div class='ocr_carea' id='block_1_2' title="bbox 649 186 2121 253">
    <p class='ocr_par' dir='ltr' id='par_1_2' title="bbox 649 186 2121 253">
     <span class='ocr_line' id='line_1_3' title="bbox 649 186 2121 253; baseline 0.003 -4"><span class='ocrx_word' id='word_1_4' title='bbox 649 186 777 249; x_wconf 87' lang='grc'>888</span> <span class='ocrx_word' id='word_1_5' title='bbox 1508 186 1692 251; x_wconf 91' lang='lat' dir='ltr'>Anno</span> <span class='ocrx_word' id='word_1_6' title='bbox 1748 187 1916 251; x_wconf 81' lang='lat'>1536</span> <span class='ocrx_word' id='word_1_7' title='bbox 1964 188 2121 253; x_wconf 86' lang='lat' dir='ltr'>acta.</span> 
     </span>
    </p>
   </div>
   <div class='ocr_carea' id='block_1_3' title="bbox 620 360 3012 3208">
    <p class='ocr_par' dir='ltr' id='par_1_3' title="bbox 630 360 3012 2464">
     <span class='ocr_line' id='line_1_4' title="bbox 646 360 3011 447; baseline 0.002 -22"><span class='ocrx_word' id='word_1_8' title='bbox 646 380 718 425; x_wconf 91' lang='lat' dir='ltr'>ac</span> <span class='ocrx_word' id='word_1_9' title='bbox 766 360 1032 426; x_wconf 88' lang='lat' dir='ltr'>dioecesi</span> <span class='ocrx_word' id='word_1_10' title='bbox 1092 361 1573 427; x_wconf 88' lang='lat' dir='ltr'>Monasteriensi</span> <span class='ocrx_word' id='word_1_11' title='bbox 1641 362 2015 427; x_wconf 80' lang='lat' dir='ltr'>fidelitatem</span> <span class='ocrx_word' id='word_1_12' title='bbox 2062 382 2242 428; x_wconf 92' lang='lat' dir='ltr'>suam</span> <span class='ocrx_word' id='word_1_13' title='bbox 2289 364 2476 447; x_wconf 88' lang='lat' dir='ltr'>atque</span> <span class='ocrx_word' id='word_1_14' title='bbox 2520 363 2819 429; x_wconf 86' lang='lat' dir='ltr'>debitum</span> <span class='ocrx_word' id='word_1_15' title='bbox 2868 366 3011 430; x_wconf 80' lang='lat' dir='ltr'>offi-</span> 
     </span>
     <span class='ocr_line' id='line_1_5' title="bbox 646 461 3012 554; baseline 0.003 -25"><span class='ocrx_word' id='word_1_16' title='bbox 646 466 818 531; x_wconf 91' lang='lat' dir='ltr'>cium</span> <span class='ocrx_word' id='word_1_17' title='bbox 861 468 1303 550; x_wconf 83' lang='lat' dir='ltr'>praestiturOS,</span> <span class='ocrx_word' id='word_1_18' title='bbox 1377 468 1654 552; x_wconf 82' lang='lat' dir='ltr'>principi</span> <span class='ocrx_word' id='word_1_19' title='bbox 1702 488 1772 533; x_wconf 90' lang='lat' dir='ltr'>ac</span> <span class='ocrx_word' id='word_1_20' title='bbox 1825 470 2287 534; x_wconf 89' lang='lat' dir='ltr'>successoribus</span> <span class='ocrx_word' id='word_1_21' title='bbox 2343 461 2650 554; x_wconf 80' lang='lat' dir='ltr'>episcopis</span> <span class='ocrx_word' id='word_1_22' title='bbox 2716 472 3012 537; x_wconf 81' lang='lat' dir='ltr'>civitatis</span> 
     </span>
     <span class='ocr_line' id='line_1_6' title="bbox 644 573 3012 657; baseline 0.003 -20"><span class='ocrx_word' id='word_1_23' title='bbox 644 592 717 637; x_wconf 91' lang='lat' dir='ltr'>ac</span> <span class='ocrx_word' id='word_1_24' title='bbox 749 573 1047 639; x_wconf 90' lang='lat' dir='ltr'>dioecesis</span> <span class='ocrx_word' id='word_1_25' title='bbox 1081 575 1591 640; x_wconf 88' lang='lat' dir='ltr'>Monasteriensis</span> <span class='ocrx_word' id='word_1_26' title='bbox 1639 576 2054 657; x_wconf 77' lang='lat' dir='ltr'>commodum,</span> <span class='ocrx_word' id='word_1_27' title='bbox 2105 577 2599 641; x_wconf 89' lang='lat' dir='ltr'>emolumentum</span> <span class='ocrx_word' id='word_1_28' title='bbox 2630 579 2696 641; x_wconf 91' lang='lat' dir='ltr'>et</span> <span class='ocrx_word' id='word_1_29' title='bbox 2726 579 3012 643; x_wconf 83' lang='lat' dir='ltr'>salutem</span> 
     </span>
     <span class='ocr_line' id='line_1_7' title="bbox 644 680 3011 764; baseline 0.002 -21"><span class='ocrx_word' id='word_1_30' title='bbox 644 680 1038 762; x_wconf 89' lang='lat' dir='ltr'>quaesituros</span> <span class='ocrx_word' id='word_1_31' title='bbox 1086 701 1156 745; x_wconf 87' lang='lat' dir='ltr'>ac</span> <span class='ocrx_word' id='word_1_32' title='bbox 1201 683 1618 764; x_wconf 79' lang='lat' dir='ltr'>promoturoS‚</span> <span class='ocrx_word' id='word_1_33' title='bbox 1669 681 2121 747; x_wconf 75' lang='lat' dir='ltr'>detrimentum</span> <span class='ocrx_word' id='word_1_34' title='bbox 2165 702 2331 764; x_wconf 85' lang='lat' dir='ltr'>ver0,</span> <span class='ocrx_word' id='word_1_35' title='bbox 2379 682 2679 747; x_wconf 90' lang='lat' dir='ltr'>damnum</span> <span class='ocrx_word' id='word_1_36' title='bbox 2710 685 2778 748; x_wconf 89' lang='lat' dir='ltr'>et</span> <span class='ocrx_word' id='word_1_37' title='bbox 2817 702 3011 748; x_wconf 85' lang='lat' dir='ltr'>omne</span> 
     </span>
     <span class='ocr_line' id='line_1_8' title="bbox 642 785 3010 871; baseline 0.002 -22"><span class='ocrx_word' id='word_1_38' title='bbox 642 785 1127 869; x_wconf 85' lang='lat' dir='ltr'>incommodum,</span> <span class='ocrx_word' id='word_1_39' title='bbox 1178 790 1486 870; x_wconf 90' lang='lat' dir='ltr'>quantum</span> <span class='ocrx_word' id='word_1_40' title='bbox 1518 786 1657 851; x_wconf 88' lang='lat' dir='ltr'>fieri</span> <span class='ocrx_word' id='word_1_41' title='bbox 1700 789 1926 871; x_wconf 89' lang='lat' dir='ltr'>potest,</span> <span class='ocrx_word' id='word_1_42' title='bbox 1977 789 2313 870; x_wconf 78' lang='lat' dir='ltr'>amoturoS,</span> <span class='ocrx_word' id='word_1_43' title='bbox 2363 789 2770 853; x_wconf 89' lang='lat' dir='ltr'>commissum</span> <span class='ocrx_word' id='word_1_44' title='bbox 2822 810 3010 855; x_wconf 87' lang='lat' dir='ltr'>sena-</span> 
     </span>
     <span class='ocr_line' id='line_1_9' title="bbox 642 892 3008 977; baseline 0.002 -21"><span class='ocrx_word' id='word_1_45' title='bbox 642 892 792 956; x_wconf 89' lang='lat' dir='ltr'>torii</span> <span class='ocrx_word' id='word_1_46' title='bbox 860 892 1098 957; x_wconf 83' lang='lat' dir='ltr'>ordinis</span> <span class='ocrx_word' id='word_1_47' title='bbox 1167 893 1449 958; x_wconf 88' lang='lat' dir='ltr'>officium</span> <span class='ocrx_word' id='word_1_48' title='bbox 1515 892 1801 977; x_wconf 75' lang='lat' dir='ltr'>legitime</span> <span class='ocrx_word' id='word_1_49' title='bbox 1846 896 1910 958; x_wconf 89' lang='lat' dir='ltr'>et</span> <span class='ocrx_word' id='word_1_50' title='bbox 1955 912 2027 958; x_wconf 81' lang='lat' dir='ltr'>ex</span> <span class='ocrx_word' id='word_1_51' title='bbox 2086 893 2210 958; x_wconf 88' lang='lat' dir='ltr'>fide</span> <span class='ocrx_word' id='word_1_52' title='bbox 2277 893 2864 975; x_wconf 81' lang='lat' dir='ltr'>administraturoS,</span> <span class='ocrx_word' id='word_1_53' title='bbox 2934 897 3008 960; x_wconf 91' lang='lat' dir='ltr'>in</span> 
     </span>
     <span class='ocr_line' id='line_1_10' title="bbox 642 997 3007 1083; baseline 0.002 -21"><span class='ocrx_word' id='word_1_54' title='bbox 642 997 899 1063; x_wconf 85' lang='lat' dir='ltr'>civitate</span> <span class='ocrx_word' id='word_1_55' title='bbox 946 999 1428 1065; x_wconf 88' lang='lat' dir='ltr'>Monasteriensi</span> <span class='ocrx_word' id='word_1_56' title='bbox 1473 1020 1721 1083; x_wconf 90' lang='lat' dir='ltr'>pacem,</span> <span class='ocrx_word' id='word_1_57' title='bbox 1771 1000 2219 1082; x_wconf 82' lang='lat' dir='ltr'>obedientiam,</span> <span class='ocrx_word' id='word_1_58' title='bbox 2271 1001 2584 1066; x_wconf 89' lang='lat' dir='ltr'>iustitiam</span> <span class='ocrx_word' id='word_1_59' title='bbox 2629 1003 2693 1066; x_wconf 90' lang='lat' dir='ltr'>et</span> <span class='ocrx_word' id='word_1_60' title='bbox 2739 1002 3007 1066; x_wconf 81' lang='lat' dir='ltr'>civilem</span> 
     </span>
     <span class='ocr_line' id='line_1_11' title="bbox 640 1105 3001 1191; baseline 0.002 -23"><span class='ocrx_word' id='word_1_61' title='bbox 640 1105 1036 1170; x_wconf 88' lang='lat' dir='ltr'>concordiam</span> <span class='ocrx_word' id='word_1_62' title='bbox 1104 1106 1433 1171; x_wconf 89' lang='lat' dir='ltr'>habituros</span> <span class='ocrx_word' id='word_1_63' title='bbox 1493 1108 1559 1170; x_wconf 90' lang='lat' dir='ltr'>et</span> <span class='ocrx_word' id='word_1_64' title='bbox 1620 1108 2121 1188; x_wconf 78' lang='lat' dir='ltr'>conservaturoS‚</span> <span class='ocrx_word' id='word_1_65' title='bbox 2195 1107 2501 1191; x_wconf 88' lang='lat' dir='ltr'>principis</span> <span class='ocrx_word' id='word_1_66' title='bbox 2563 1110 2626 1172; x_wconf 90' lang='lat' dir='ltr'>et</span> <span class='ocrx_word' id='word_1_67' title='bbox 2689 1109 3001 1173; x_wconf 79' lang='lat' dir='ltr'>dioecesis</span> 
     </span>
     <span class='ocr_line' id='line_1_12' title="bbox 638 1211 3001 1296; baseline 0.003 -23"><span class='ocrx_word' id='word_1_68' title='bbox 638 1211 1118 1294; x_wconf 85' lang='lat' dir='ltr'>dispositionem</span> <span class='ocrx_word' id='word_1_69' title='bbox 1163 1213 1228 1276; x_wconf 93' lang='lat' dir='ltr'>et</span> <span class='ocrx_word' id='word_1_70' title='bbox 1271 1212 1600 1296; x_wconf 80' lang='lat' dir='ltr'>politicam</span> <span class='ocrx_word' id='word_1_71' title='bbox 1647 1212 2105 1277; x_wconf 87' lang='lat' dir='ltr'>ordinationem</span> <span class='ocrx_word' id='word_1_72' title='bbox 2151 1213 2221 1277; x_wconf 90' lang='lat' dir='ltr'>in</span> <span class='ocrx_word' id='word_1_73' title='bbox 2258 1213 2430 1278; x_wconf 87' lang='lat' dir='ltr'>dicta</span> <span class='ocrx_word' id='word_1_74' title='bbox 2474 1213 2729 1278; x_wconf 88' lang='lat' dir='ltr'>civitate</span> <span class='ocrx_word' id='word_1_75' title='bbox 2776 1214 3001 1279; x_wconf 86' lang='lat' dir='ltr'>defen-</span> 
     </span>
     <span class='ocr_line' id='line_1_13' title="bbox 640 1318 3001 1402; baseline 0.002 -22"><span class='ocrx_word' id='word_1_76' title='bbox 640 1336 816 1381; x_wconf 89' lang='lat' dir='ltr'>suros</span> <span class='ocrx_word' id='word_1_77' title='bbox 863 1318 927 1381; x_wconf 90' lang='lat' dir='ltr'>et</span> <span class='ocrx_word' id='word_1_78' title='bbox 972 1320 1477 1400; x_wconf 85' lang='lat' dir='ltr'>propugnaturos</span> <span class='ocrx_word' id='word_1_79' title='bbox 1523 1318 1849 1402; x_wconf 90' lang='lat' dir='ltr'>eidemque</span> <span class='ocrx_word' id='word_1_80' title='bbox 1894 1319 2212 1401; x_wconf 88' lang='lat' dir='ltr'>parituros</span> <span class='ocrx_word' id='word_1_81' title='bbox 2259 1338 2458 1402; x_wconf 89' lang='lat' dir='ltr'>neque</span> <span class='ocrx_word' id='word_1_82' title='bbox 2507 1320 2805 1384; x_wconf 82' lang='lat' dir='ltr'>adversus</span> <span class='ocrx_word' id='word_1_83' title='bbox 2855 1340 3001 1385; x_wconf 86' lang='lat' dir='ltr'>eam</span> 
     </span>
     <span class='ocr_line' id='line_1_14' title="bbox 637 1423 3000 1509; baseline 0.002 -23"><span class='ocrx_word' id='word_1_84' title='bbox 637 1423 997 1487; x_wconf 89' lang='lat' dir='ltr'>clanculum</span> <span class='ocrx_word' id='word_1_85' title='bbox 1041 1424 1328 1506; x_wconf 83' lang='lat' dir='ltr'>palamve</span> <span class='ocrx_word' id='word_1_86' title='bbox 1374 1424 1714 1507; x_wconf 89' lang='lat' dir='ltr'>quicquam</span> <span class='ocrx_word' id='word_1_87' title='bbox 1760 1426 2009 1489; x_wconf 88' lang='lat' dir='ltr'>acturos</span> <span class='ocrx_word' id='word_1_88' title='bbox 2041 1425 2142 1489; x_wconf 88' lang='lat' dir='ltr'>vel</span> <span class='ocrx_word' id='word_1_89' title='bbox 2175 1425 2279 1508; x_wconf 90' lang='lat' dir='ltr'>agi</span> <span class='ocrx_word' id='word_1_90' title='bbox 2322 1426 2756 1507; x_wconf 84' lang='lat' dir='ltr'>permissuros,</span> <span class='ocrx_word' id='word_1_91' title='bbox 2809 1446 3000 1509; x_wconf 82' lang='lat' dir='ltr'>prae-</span> 
     </span>
     <span class='ocr_line' id='line_1_15' title="bbox 635 1529 2999 1613; baseline 0.001 -20"><span class='ocrx_word' id='word_1_92' title='bbox 635 1530 798 1594; x_wconf 87' lang='lat' dir='ltr'>fecto</span> <span class='ocrx_word' id='word_1_93' title='bbox 845 1530 1023 1594; x_wconf 91' lang='lat' dir='ltr'>urbis</span> <span class='ocrx_word' id='word_1_94' title='bbox 1055 1531 1154 1594; x_wconf 88' lang='lat' dir='ltr'>vel</span> <span class='ocrx_word' id='word_1_95' title='bbox 1202 1530 1361 1593; x_wconf 89' lang='lat' dir='ltr'>arcis</span> <span class='ocrx_word' id='word_1_96' title='bbox 1407 1529 1816 1613; x_wconf 86' lang='lat' dir='ltr'>gubernatori</span> <span class='ocrx_word' id='word_1_97' title='bbox 1860 1531 1930 1594; x_wconf 90' lang='lat' dir='ltr'>in</span> <span class='ocrx_word' id='word_1_98' title='bbox 1962 1549 2073 1595; x_wconf 90' lang='lat' dir='ltr'>suo</span> <span class='ocrx_word' id='word_1_99' title='bbox 2122 1530 2248 1595; x_wconf 88' lang='lat' dir='ltr'>sibi</span> <span class='ocrx_word' id='word_1_100' title='bbox 2287 1530 2492 1595; x_wconf 87' lang='lat' dir='ltr'>officio</span> <span class='ocrx_word' id='word_1_101' title='bbox 2539 1532 2874 1596; x_wconf 84' lang='lat' dir='ltr'>commisso</span> <span class='ocrx_word' id='word_1_102' title='bbox 2924 1534 2999 1597; x_wconf 92' lang='lat' dir='ltr'>in</span> 
     </span>
     <span class='ocr_line' id='line_1_16' title="bbox 638 1635 2998 1716; baseline 0.002 -17"><span class='ocrx_word' id='word_1_103' title='bbox 638 1636 907 1700; x_wconf 84' lang='lat' dir='ltr'>salutem</span> <span class='ocrx_word' id='word_1_104' title='bbox 954 1636 1271 1716; x_wconf 84' lang='lat' dir='ltr'>dioecesis,</span> <span class='ocrx_word' id='word_1_105' title='bbox 1335 1636 1402 1699; x_wconf 93' lang='lat' dir='ltr'>in</span> <span class='ocrx_word' id='word_1_106' title='bbox 1450 1635 1843 1700; x_wconf 86' lang='lat' dir='ltr'>obedientiae</span> <span class='ocrx_word' id='word_1_107' title='bbox 1888 1639 1953 1700; x_wconf 92' lang='lat' dir='ltr'>et</span> <span class='ocrx_word' id='word_1_108' title='bbox 1999 1636 2363 1701; x_wconf 82' lang='lat' dir='ltr'>concordiae</span> <span class='ocrx_word' id='word_1_109' title='bbox 2410 1637 2688 1702; x_wconf 85' lang='lat' dir='ltr'>civitatis</span> <span class='ocrx_word' id='word_1_110' title='bbox 2736 1658 2998 1703; x_wconf 90' lang='lat' dir='ltr'>conser-</span> 
     </span>
     <span class='ocr_line' id='line_1_17' title="bbox 635 1741 2996 1827; baseline 0.002 -22"><span class='ocrx_word' id='word_1_111' title='bbox 635 1741 950 1806; x_wconf 86' lang='lat' dir='ltr'>vationem</span> <span class='ocrx_word' id='word_1_112' title='bbox 996 1745 1061 1807; x_wconf 90' lang='lat' dir='ltr'>et</span> <span class='ocrx_word' id='word_1_113' title='bbox 1103 1741 1373 1806; x_wconf 89' lang='lat' dir='ltr'>tutelam</span> <span class='ocrx_word' id='word_1_114' title='bbox 1418 1761 1657 1807; x_wconf 90' lang='lat' dir='ltr'>morem</span> <span class='ocrx_word' id='word_1_115' title='bbox 1701 1744 2007 1825; x_wconf 78' lang='lat' dir='ltr'>gestur08‚</span> <span class='ocrx_word' id='word_1_116' title='bbox 2075 1743 2353 1808; x_wconf 89' lang='lat' dir='ltr'>civitatis</span> <span class='ocrx_word' id='word_1_117' title='bbox 2400 1763 2615 1808; x_wconf 90' lang='lat' dir='ltr'>curam</span> <span class='ocrx_word' id='word_1_118' title='bbox 2661 1746 2725 1809; x_wconf 93' lang='lat' dir='ltr'>et</span> <span class='ocrx_word' id='word_1_119' title='bbox 2768 1747 2996 1827; x_wconf 88' lang='lat' dir='ltr'>patro-</span> 
     </span>
     <span class='ocr_line' id='line_1_18' title="bbox 635 1847 2994 1932; baseline 0.001 -21"><span class='ocrx_word' id='word_1_120' title='bbox 635 1847 873 1912; x_wconf 90' lang='lat' dir='ltr'>cinium</span> <span class='ocrx_word' id='word_1_121' title='bbox 919 1848 987 1912; x_wconf 93' lang='lat' dir='ltr'>in</span> <span class='ocrx_word' id='word_1_122' title='bbox 1033 1847 1382 1912; x_wconf 88' lang='lat' dir='ltr'>utilitatem</span> <span class='ocrx_word' id='word_1_123' title='bbox 1425 1847 1735 1931; x_wconf 90' lang='lat' dir='ltr'>principis</span> <span class='ocrx_word' id='word_1_124' title='bbox 1784 1850 1848 1912; x_wconf 93' lang='lat' dir='ltr'>et</span> <span class='ocrx_word' id='word_1_125' title='bbox 1892 1848 2221 1913; x_wconf 90' lang='lat' dir='ltr'>universae</span> <span class='ocrx_word' id='word_1_126' title='bbox 2266 1849 2505 1932; x_wconf 87' lang='lat' dir='ltr'>patriae</span> <span class='ocrx_word' id='word_1_127' title='bbox 2552 1852 2994 1931; x_wconf 72' lang='lat' dir='ltr'>suscepturo33</span> 
     </span>
     <span class='ocr_line' id='line_1_19' title="bbox 631 1955 2995 2039; baseline 0.002 -21"><span class='ocrx_word' id='word_1_128' title='bbox 631 1956 954 2033; x_wconf 90' lang='lat' dir='ltr'>praeterea</span> <span class='ocrx_word' id='word_1_129' title='bbox 1017 1957 1162 2038; x_wconf 87' lang='lat' dir='ltr'>post</span> <span class='ocrx_word' id='word_1_130' title='bbox 1223 1956 1492 2029; x_wconf 85' lang='lat' dir='ltr'>mortem</span> <span class='ocrx_word' id='word_1_131' title='bbox 1560 1956 1871 2038; x_wconf 91' lang='lat' dir='ltr'>principis</span> <span class='ocrx_word' id='word_1_132' title='bbox 1918 1955 2196 2039; x_wconf 88' lang='lat' dir='ltr'>capitulo</span> <span class='ocrx_word' id='word_1_133' title='bbox 2260 1957 2561 2039; x_wconf 90' lang='lat' dir='ltr'>primario</span> <span class='ocrx_word' id='word_1_134' title='bbox 2608 1959 2672 2021; x_wconf 91' lang='lat' dir='ltr'>et</span> <span class='ocrx_word' id='word_1_135' title='bbox 2714 1957 2995 2022; x_wconf 83' lang='lat' dir='ltr'>militari</span> 
     </span>
     <span class='ocr_line' id='line_1_20' title="bbox 633 2061 2997 2146; baseline 0.002 -22"><span class='ocrx_word' id='word_1_136' title='bbox 633 2061 838 2125; x_wconf 93' lang='lat' dir='ltr'>ordini</span> <span class='ocrx_word' id='word_1_137' title='bbox 907 2061 1099 2126; x_wconf 90' lang='lat' dir='ltr'>huius</span> <span class='ocrx_word' id='word_1_138' title='bbox 1165 2061 1463 2126; x_wconf 91' lang='lat' dir='ltr'>dioecesis</span> <span class='ocrx_word' id='word_1_139' title='bbox 1511 2082 1624 2127; x_wconf 91' lang='lat' dir='ltr'>nec</span> <span class='ocrx_word' id='word_1_140' title='bbox 1672 2062 1792 2126; x_wconf 90' lang='lat' dir='ltr'>ulli</span> <span class='ocrx_word' id='word_1_141' title='bbox 1852 2063 1965 2127; x_wconf 90' lang='lat' dir='ltr'>alii</span> <span class='ocrx_word' id='word_1_142' title='bbox 2011 2082 2211 2146; x_wconf 90' lang='lat' dir='ltr'>usque</span> <span class='ocrx_word' id='word_1_143' title='bbox 2258 2064 2337 2127; x_wconf 92' lang='lat' dir='ltr'>ad</span> <span class='ocrx_word' id='word_1_144' title='bbox 2382 2063 2750 2127; x_wconf 89' lang='lat' dir='ltr'>concordem</span> <span class='ocrx_word' id='word_1_145' title='bbox 2799 2064 2997 2128; x_wconf 87' lang='lat' dir='ltr'>electi</span> 
     </span>
     <span class='ocr_line' id='line_1_21' title="bbox 631 2167 2991 2254; baseline 0.003 -24"><span class='ocrx_word' id='word_1_146' title='bbox 631 2167 938 2250; x_wconf 90' lang='lat' dir='ltr'>principis</span> <span class='ocrx_word' id='word_1_147' title='bbox 985 2168 1536 2251; x_wconf 86' lang='lat' dir='ltr'>inaugurationem</span> <span class='ocrx_word' id='word_1_148' title='bbox 1582 2171 1648 2234; x_wconf 90' lang='lat' dir='ltr'>et</span> <span class='ocrx_word' id='word_1_149' title='bbox 1693 2169 1975 2233; x_wconf 92' lang='lat' dir='ltr'>eiusdem</span> <span class='ocrx_word' id='word_1_150' title='bbox 2021 2169 2634 2235; x_wconf 86' lang='lat' dir='ltr'>administrationem</span> <span class='ocrx_word' id='word_1_151' title='bbox 2670 2171 2991 2254; x_wconf 84' lang='lat' dir='ltr'>obligatos</span> 
     </span>
     <span class='ocr_line' id='line_1_22' title="bbox 631 2273 2991 2359; baseline 0.002 -22"><span class='ocrx_word' id='word_1_152' title='bbox 631 2275 696 2337; x_wconf 89' lang='lat' dir='ltr'>et</span> <span class='ocrx_word' id='word_1_153' title='bbox 739 2273 979 2338; x_wconf 86' lang='lat' dir='ltr'>iuratos</span> <span class='ocrx_word' id='word_1_154' title='bbox 1026 2275 1218 2339; x_wconf 87' lang='lat' dir='ltr'>fore.“</span> <span class='ocrx_word' id='word_1_155' title='bbox 1291 2276 1461 2339; x_wconf 89' lang='lat' dir='ltr'>Haec</span> <span class='ocrx_word' id='word_1_156' title='bbox 1494 2295 1559 2339; x_wconf 91' lang='lat' dir='ltr'>se</span> <span class='ocrx_word' id='word_1_157' title='bbox 1591 2275 1802 2340; x_wconf 89' lang='lat' dir='ltr'>omnia</span> <span class='ocrx_word' id='word_1_158' title='bbox 1848 2274 2122 2340; x_wconf 85' lang='lat' dir='ltr'>fideliter</span> <span class='ocrx_word' id='word_1_159' title='bbox 2154 2276 2288 2341; x_wconf 87' lang='lat' dir='ltr'>sine</span> <span class='ocrx_word' id='word_1_160' title='bbox 2335 2276 2573 2359; x_wconf 88' lang='lat' dir='ltr'>fraude,</span> <span class='ocrx_word' id='word_1_161' title='bbox 2625 2276 2765 2341; x_wconf 94' lang='lat' dir='ltr'>dolo</span> <span class='ocrx_word' id='word_1_162' title='bbox 2814 2279 2991 2343; x_wconf 90' lang='lat' dir='ltr'>malo</span> 
     </span>
     <span class='ocr_line' id='line_1_23' title="bbox 630 2379 2229 2464; baseline 0.002 -21"><span class='ocrx_word' id='word_1_163' title='bbox 630 2382 693 2443; x_wconf 91' lang='lat' dir='ltr'>et</span> <span class='ocrx_word' id='word_1_164' title='bbox 740 2379 999 2445; x_wconf 89' lang='lat' dir='ltr'>sinistra</span> <span class='ocrx_word' id='word_1_165' title='bbox 1042 2381 1506 2446; x_wconf 88' lang='lat' dir='ltr'>machinatione</span> <span class='ocrx_word' id='word_1_166' title='bbox 1552 2384 1803 2446; x_wconf 90' lang='lat' dir='ltr'>acturos</span> <span class='ocrx_word' id='word_1_167' title='bbox 1852 2382 2229 2464; x_wconf 80' lang='lat' dir='ltr'>recipiunt1.</span> 
     </span>
    </p>

    <p class='ocr_par' dir='ltr' id='par_1_4' title="bbox 620 2485 2987 3208">
     <span class='ocr_line' id='line_1_24' title="bbox 808 2485 2987 2572; baseline 0.001 -20"><span class='ocrx_word' id='word_1_168' title='bbox 808 2485 1147 2554; x_wconf 77' lang='lat' dir='ltr'>*Consules</span> <span class='ocrx_word' id='word_1_169' title='bbox 1196 2490 1260 2553; x_wconf 92' lang='lat' dir='ltr'>et</span> <span class='ocrx_word' id='word_1_170' title='bbox 1306 2490 1619 2554; x_wconf 89' lang='lat' dir='ltr'>senatores</span> <span class='ocrx_word' id='word_1_171' title='bbox 1667 2488 1746 2554; x_wconf 90' lang='lat' dir='ltr'>ad</span> <span class='ocrx_word' id='word_1_172' title='bbox 1794 2488 2036 2554; x_wconf 90' lang='lat' dir='ltr'>curiam</span> <span class='ocrx_word' id='word_1_173' title='bbox 2084 2487 2363 2572; x_wconf 85' lang='lat' dir='ltr'>episcopi</span> <span class='ocrx_word' id='word_1_174' title='bbox 2407 2489 2595 2554; x_wconf 88' lang='lat' dir='ltr'>acciti</span> <span class='ocrx_word' id='word_1_175' title='bbox 2641 2489 2759 2554; x_wconf 92' lang='lat' dir='ltr'>hoc</span> <span class='ocrx_word' id='word_1_176' title='bbox 2803 2490 2987 2554; x_wconf 89' lang='lat' dir='ltr'>iura-</span> 
     </span>
     <span class='ocr_line' id='line_1_25' title="bbox 627 2595 2987 2679; baseline 0.001 -21"><span class='ocrx_word' id='word_1_177' title='bbox 627 2597 915 2659; x_wconf 86' lang='lat' dir='ltr'>mentum</span> <span class='ocrx_word' id='word_1_178' title='bbox 959 2595 1428 2677; x_wconf 87' lang='lat' dir='ltr'>praestiterunt.</span> <span class='ocrx_word' id='word_1_179' title='bbox 1493 2595 1650 2660; x_wconf 90' lang='lat' dir='ltr'>Inde</span> <span class='ocrx_word' id='word_1_180' title='bbox 1695 2616 1909 2661; x_wconf 89' lang='lat' dir='ltr'>omnes</span> <span class='ocrx_word' id='word_1_181' title='bbox 1957 2596 2122 2660; x_wconf 86' lang='lat' dir='ltr'>cives</span> <span class='ocrx_word' id='word_1_182' title='bbox 2169 2597 2237 2660; x_wconf 92' lang='lat' dir='ltr'>in</span> <span class='ocrx_word' id='word_1_183' title='bbox 2284 2615 2500 2679; x_wconf 89' lang='lat' dir='ltr'>campo</span> <span class='ocrx_word' id='word_1_184' title='bbox 2548 2596 2863 2662; x_wconf 90' lang='lat' dir='ltr'>dominico</span> <span class='ocrx_word' id='word_1_185' title='bbox 2911 2597 2987 2661; x_wconf 90' lang='lat' dir='ltr'>in</span> 
     </span>
     <span class='ocr_line' id='line_1_26' title="bbox 626 2700 2981 2784; baseline 0.002 -22"><span class='ocrx_word' id='word_1_186' title='bbox 626 2700 928 2763; x_wconf 84' lang='lat' dir='ltr'>articulos</span> <span class='ocrx_word' id='word_1_187' title='bbox 963 2702 1027 2764; x_wconf 90' lang='lat' dir='ltr'>et</span> <span class='ocrx_word' id='word_1_188' title='bbox 1071 2700 1239 2783; x_wconf 87' lang='lat' dir='ltr'>leges</span> <span class='ocrx_word' id='word_1_189' title='bbox 1272 2701 1621 2783; x_wconf 88' lang='lat' dir='ltr'>superiores</span> <span class='ocrx_word' id='word_1_190' title='bbox 1668 2701 1847 2784; x_wconf 90' lang='lat' dir='ltr'>prius</span> <span class='ocrx_word' id='word_1_191' title='bbox 1880 2702 2005 2766; x_wconf 90' lang='lat' dir='ltr'>sibi</span> <span class='ocrx_word' id='word_1_192' title='bbox 2049 2704 2390 2784; x_wconf 79' lang='lat' dir='ltr'>praelectas</span> <span class='ocrx_word' id='word_1_193' title='bbox 2424 2702 2655 2767; x_wconf 89' lang='lat' dir='ltr'>iurant.</span> <span class='ocrx_word' id='word_1_194' title='bbox 2705 2703 2981 2767; x_wconf 85' lang='lat' dir='ltr'>Eodem—</span> 
     </span>
     <span class='ocr_line' id='line_1_27' title="bbox 624 2806 2985 2892; baseline 0.002 -23"><span class='ocrx_word' id='word_1_195' title='bbox 624 2826 743 2889; x_wconf 88' lang='lat' dir='ltr'>que</span> <span class='ocrx_word' id='word_1_196' title='bbox 789 2806 1192 2871; x_wconf 89' lang='lat' dir='ltr'>iureiurando</span> <span class='ocrx_word' id='word_1_197' title='bbox 1262 2806 1418 2890; x_wconf 90' lang='lat' dir='ltr'>ipsis</span> <span class='ocrx_word' id='word_1_198' title='bbox 1484 2808 1857 2891; x_wconf 88' lang='lat' dir='ltr'>impositum</span> <span class='ocrx_word' id='word_1_199' title='bbox 1902 2807 2054 2887; x_wconf 88' lang='lat' dir='ltr'>fuit,</span> <span class='ocrx_word' id='word_1_200' title='bbox 2104 2811 2181 2873; x_wconf 91' lang='lat' dir='ltr'>ut</span> <span class='ocrx_word' id='word_1_201' title='bbox 2225 2809 2470 2873; x_wconf 87' lang='lat' dir='ltr'>senatui</span> <span class='ocrx_word' id='word_1_202' title='bbox 2539 2808 2985 2892; x_wconf 83' lang='lat' dir='ltr'>praefectoque</span> 
     </span>
     <span class='ocr_line' id='line_1_28' title="bbox 622 2911 2978 2997; baseline 0.002 -22"><span class='ocrx_word' id='word_1_203' title='bbox 622 2911 800 2976; x_wconf 92' lang='lat' dir='ltr'>urbis</span> <span class='ocrx_word' id='word_1_204' title='bbox 834 2913 898 2977; x_wconf 90' lang='lat' dir='ltr'>et</span> <span class='ocrx_word' id='word_1_205' title='bbox 929 2913 1331 2995; x_wconf 89' lang='lat' dir='ltr'>praescriptis</span> <span class='ocrx_word' id='word_1_206' title='bbox 1366 2914 1651 2978; x_wconf 90' lang='lat' dir='ltr'>articulis</span> <span class='ocrx_word' id='word_1_207' title='bbox 1684 2915 1961 2997; x_wconf 89' lang='lat' dir='ltr'>pareant,</span> <span class='ocrx_word' id='word_1_208' title='bbox 2012 2914 2298 2978; x_wconf 89' lang='lat' dir='ltr'>consules</span> <span class='ocrx_word' id='word_1_209' title='bbox 2331 2915 2396 2978; x_wconf 91' lang='lat' dir='ltr'>et</span> <span class='ocrx_word' id='word_1_210' title='bbox 2427 2916 2714 2980; x_wconf 87' lang='lat' dir='ltr'>senatum</span> <span class='ocrx_word' id='word_1_211' title='bbox 2745 2914 2978 2979; x_wconf 88' lang='lat' dir='ltr'>merito</span> 
     </span>
     <span class='ocr_line' id='line_1_29' title="bbox 622 3019 2979 3103; baseline 0.001 -21"><span class='ocrx_word' id='word_1_212' title='bbox 622 3020 856 3083; x_wconf 87' lang='lat' dir='ltr'>honore</span> <span class='ocrx_word' id='word_1_213' title='bbox 902 3019 1202 3101; x_wconf 88' lang='lat' dir='ltr'>afficiant,</span> <span class='ocrx_word' id='word_1_214' title='bbox 1252 3038 1451 3102; x_wconf 92' lang='lat' dir='ltr'>neque</span> <span class='ocrx_word' id='word_1_215' title='bbox 1484 3020 1691 3084; x_wconf 90' lang='lat' dir='ltr'>verbis</span> <span class='ocrx_word' id='word_1_216' title='bbox 1737 3039 1937 3103; x_wconf 89' lang='lat' dir='ltr'>neque</span> <span class='ocrx_word' id='word_1_217' title='bbox 1984 3019 2168 3084; x_wconf 84' lang='lat' dir='ltr'>factis</span> <span class='ocrx_word' id='word_1_218' title='bbox 2211 3019 2362 3084; x_wconf 89' lang='lat' dir='ltr'>ullis</span> <span class='ocrx_word' id='word_1_219' title='bbox 2408 3019 2819 3103; x_wconf 87' lang='lat' dir='ltr'>articulisque</span> <span class='ocrx_word' id='word_1_220' title='bbox 2869 3039 2979 3084; x_wconf 87' lang='lat' dir='ltr'>su-</span> 
     </span>
     <span class='ocr_line' id='line_1_30' title="bbox 620 3124 2977 3208; baseline 0.001 -21"><span class='ocrx_word' id='word_1_221' title='bbox 620 3124 971 3206; x_wconf 89' lang='lat' dir='ltr'>perioribus</span> <span class='ocrx_word' id='word_1_222' title='bbox 1004 3124 1443 3205; x_wconf 83' lang='lat' dir='ltr'>adversentur3</span> <span class='ocrx_word' id='word_1_223' title='bbox 1478 3126 1533 3190; x_wconf 88' lang='lat' dir='ltr'>si</span> <span class='ocrx_word' id='word_1_224' title='bbox 1564 3126 1757 3190; x_wconf 89' lang='lat' dir='ltr'>etiam</span> <span class='ocrx_word' id='word_1_225' title='bbox 1787 3125 2074 3190; x_wconf 88' lang='lat' dir='ltr'>seditiosi</span> <span class='ocrx_word' id='word_1_226' title='bbox 2104 3127 2216 3190; x_wconf 93' lang='lat' dir='ltr'>aut</span> <span class='ocrx_word' id='word_1_227' title='bbox 2246 3125 2322 3189; x_wconf 90' lang='lat' dir='ltr'>de</span> <span class='ocrx_word' id='word_1_228' title='bbox 2355 3125 2658 3190; x_wconf 89' lang='lat' dir='ltr'>seditione</span> <span class='ocrx_word' id='word_1_229' title='bbox 2691 3126 2977 3208; x_wconf 86' lang='lat' dir='ltr'>suspecti</span> 
     </span>
    </p>
   </div>
   <div class='ocr_carea' id='block_1_4' title="bbox 625 3283 1052 3297">
    <p class='ocr_par' dir='ltr' id='par_1_5' title="bbox 625 3283 1052 3297">
     <span class='ocr_line' id='line_1_31' title="bbox 625 3283 1052 3297; baseline 0 0"><span class='ocrx_word' id='word_1_230' title='bbox 625 3283 1052 3297; x_wconf 95' lang='lat' dir='ltr'> </span> 
     </span>
    </p>
   </div>
   <div class='ocr_carea' id='block_1_5' title="bbox 838 3370 2980 3442">
    <p class='ocr_par' dir='ltr' id='par_1_6' title="bbox 838 3370 2980 3442">
     <span class='ocr_line' id='line_1_32' title="bbox 838 3370 2980 3442; baseline 0.001 -17"><span class='ocrx_word' id='word_1_231' title='bbox 838 3372 878 3440; x_wconf 88' lang='lat'>¹)</span> <span class='ocrx_word' id='word_1_232' title='bbox 915 3371 1018 3425; x_wconf 90' lang='lat' dir='ltr'>Die</span> <span class='ocrx_word' id='word_1_233' title='bbox 1043 3371 1279 3442; x_wconf 84' lang='lat' dir='ltr'>Vorlage</span> <span class='ocrx_word' id='word_1_234' title='bbox 1315 3372 1404 3426; x_wconf 86' lang='lat' dir='ltr'>fiir</span> <span class='ocrx_word' id='word_1_235' title='bbox 1441 3372 1625 3426; x_wconf 84' lang='lat' dir='ltr'>diesen</span> <span class='ocrx_word' id='word_1_236' title='bbox 1662 3372 1766 3425; x_wconf 86' lang='lat' dir='ltr'>Eid</span> <span class='ocrx_word' id='word_1_237' title='bbox 1802 3371 1942 3426; x_wconf 86' lang='lat' dir='ltr'>habe</span> <span class='ocrx_word' id='word_1_238' title='bbox 1979 3371 2068 3424; x_wconf 90' lang='lat' dir='ltr'>ich</span> <span class='ocrx_word' id='word_1_239' title='bbox 2106 3371 2260 3426; x_wconf 89' lang='lat' dir='ltr'>nicht</span> <span class='ocrx_word' id='word_1_240' title='bbox 2296 3371 2586 3441; x_wconf 81' lang='lat' dir='ltr'>gesunden.</span> <span class='ocrx_word' id='word_1_241' title='bbox 2642 3370 2801 3425; x_wconf 78' lang='lat' dir='ltr'>wohl</span> <span class='ocrx_word' id='word_1_242' title='bbox 2840 3373 2980 3427; x_wconf 81' lang='lat' dir='ltr'>aber</span> 
     </span>
    </p>
   </div>
   <div class='ocr_carea' id='block_1_6' title="bbox 619 3459 2979 3619">
    <p class='ocr_par' dir='ltr' id='par_1_7' title="bbox 619 3459 2979 3619">
     <span class='ocr_line' id='line_1_33' title="bbox 619 3459 2979 3530; baseline 0 -16"><span class='ocrx_word' id='word_1_243' title='bbox 619 3460 718 3514; x_wconf 86' lang='lat' dir='ltr'>hat</span> <span class='ocrx_word' id='word_1_244' title='bbox 767 3460 883 3514; x_wconf 92' lang='lat' dir='ltr'>sich</span> <span class='ocrx_word' id='word_1_245' title='bbox 924 3462 1000 3515; x_wconf 88' lang='lat' dir='ltr'>im</span> <span class='ocrx_word' id='word_1_246' title='bbox 1055 3461 1226 3517; x_wconf 75' lang='lat' dir='ltr'>St-A.</span> <span class='ocrx_word' id='word_1_247' title='bbox 1263 3461 1338 3514; x_wconf 90' lang='lat' dir='ltr'>M.</span> <span class='ocrx_word' id='word_1_248' title='bbox 1380 3462 1475 3529; x_wconf 82' lang='lat' dir='ltr'>(M.</span> <span class='ocrx_word' id='word_1_249' title='bbox 1512 3462 1573 3515; x_wconf 93' lang='lat' dir='ltr'>L.</span> <span class='ocrx_word' id='word_1_250' title='bbox 1611 3461 1675 3515; x_wconf 80' lang='lat' dir='ltr'>A.</span> <span class='ocrx_word' id='word_1_251' title='bbox 1715 3461 1913 3526; x_wconf 75' lang='lat' dir='ltr'>518s19</span> <span class='ocrx_word' id='word_1_252' title='bbox 1949 3459 2076 3515; x_wconf 89' lang='lat' dir='ltr'>VII.</span> <span class='ocrx_word' id='word_1_253' title='bbox 2115 3460 2210 3514; x_wconf 84' lang='lat' dir='ltr'>fol.</span> <span class='ocrx_word' id='word_1_254' title='bbox 2248 3461 2376 3527; x_wconf 83' lang='lat'>321)</span> <span class='ocrx_word' id='word_1_255' title='bbox 2433 3459 2718 3530; x_wconf 83' lang='lat' dir='ltr'>folgender</span> <span class='ocrx_word' id='word_1_256' title='bbox 2758 3460 2979 3530; x_wconf 71' lang='lat' dir='ltr'>„Eydt</span> 
     </span>
     <span class='ocr_line' id='line_1_34' title="bbox 619 3547 2978 3619; baseline 0 -17"><span class='ocrx_word' id='word_1_257' title='bbox 619 3549 736 3603; x_wconf 90' lang='lat' dir='ltr'>der</span> <span class='ocrx_word' id='word_1_258' title='bbox 771 3550 1121 3603; x_wconf 85' lang='lat' dir='ltr'>inwonner</span> <span class='ocrx_word' id='word_1_259' title='bbox 1176 3548 1313 3603; x_wconf 90' lang='lat' dir='ltr'>und</span> <span class='ocrx_word' id='word_1_260' title='bbox 1349 3566 1563 3619; x_wconf 73' lang='lat' dir='ltr'>gynet</span> <span class='ocrx_word' id='word_1_261' title='bbox 1600 3549 1881 3619; x_wconf 87' lang='lat' dir='ltr'>borger“</span> <span class='ocrx_word' id='word_1_262' title='bbox 1924 3547 2196 3602; x_wconf 85' lang='lat' dir='ltr'>erhalten:</span> <span class='ocrx_word' id='word_1_263' title='bbox 2239 3548 2625 3614; x_wconf 83' lang='lat' dir='ltr'>„Anfeneklich</span> <span class='ocrx_word' id='word_1_264' title='bbox 2663 3565 2867 3602; x_wconf 76' lang='lat' dir='ltr'>sweren</span> <span class='ocrx_word' id='word_1_265' title='bbox 2906 3549 2978 3603; x_wconf 88' lang='lat' dir='ltr'>de</span> 
     </span>
    </p>
   </div>
   <div class='ocr_carea' id='block_1_7' title="bbox 615 3636 2977 4239">
    <p class='ocr_par' dir='ltr' id='par_1_8' title="bbox 615 3636 2977 4239">
     <span class='ocr_line' id='line_1_35' title="bbox 617 3636 2977 3708; baseline 0.001 -18"><span class='ocrx_word' id='word_1_266' title='bbox 617 3639 893 3692; x_wconf 83' lang='lat' dir='ltr'>inwonner</span> <span class='ocrx_word' id='word_1_267' title='bbox 928 3637 1283 3708; x_wconf 84' lang='lat' dir='ltr'>nafolgender</span> <span class='ocrx_word' id='word_1_268' title='bbox 1316 3655 1487 3708; x_wconf 79' lang='lat' dir='ltr'>wyse:</span> <span class='ocrx_word' id='word_1_269' title='bbox 1528 3637 1651 3692; x_wconf 87' lang='lat' dir='ltr'>dem</span> <span class='ocrx_word' id='word_1_270' title='bbox 1686 3637 1876 3707; x_wconf 87' lang='lat' dir='ltr'>hilgen</span> <span class='ocrx_word' id='word_1_271' title='bbox 1899 3636 2147 3707; x_wconf 82' lang='lat' dir='ltr'>Apostoll</span> <span class='ocrx_word' id='word_1_272' title='bbox 2185 3637 2238 3691; x_wconf 90' lang='lat' dir='ltr'>S.</span> <span class='ocrx_word' id='word_1_273' title='bbox 2266 3637 2509 3692; x_wconf 79' lang='lat' dir='ltr'>Pauwell</span> <span class='ocrx_word' id='word_1_274' title='bbox 2545 3637 2627 3691; x_wconf 89' lang='lat' dir='ltr'>als</span> <span class='ocrx_word' id='word_1_275' title='bbox 2654 3637 2748 3690; x_wconf 88' lang='lat' dir='ltr'>des</span> <span class='ocrx_word' id='word_1_276' title='bbox 2785 3636 2977 3706; x_wconf 77' lang='lat' dir='ltr'>styflts</span> 
     </span>
     <span class='ocr_line' id='line_1_36' title="bbox 616 3725 2977 3797; baseline -0 -17"><span class='ocrx_word' id='word_1_277' title='bbox 616 3729 829 3796; x_wconf 84' lang='lat' dir='ltr'>patron,</span> <span class='ocrx_word' id='word_1_278' title='bbox 866 3727 989 3781; x_wconf 90' lang='lat' dir='ltr'>dem</span> <span class='ocrx_word' id='word_1_279' title='bbox 1026 3726 1458 3797; x_wconf 84' lang='lat' dir='ltr'>hoichwerdigen</span> <span class='ocrx_word' id='word_1_280' title='bbox 1494 3743 1694 3780; x_wconf 90' lang='lat' dir='ltr'>unsern</span> <span class='ocrx_word' id='word_1_281' title='bbox 1731 3743 1786 3796; x_wconf 87' lang='lat' dir='ltr'>g.</span> <span class='ocrx_word' id='word_1_282' title='bbox 1822 3725 1861 3780; x_wconf 86' lang='lat' dir='ltr'>f.</span> <span class='ocrx_word' id='word_1_283' title='bbox 1898 3742 1951 3780; x_wconf 90' lang='lat' dir='ltr'>u.</span> <span class='ocrx_word' id='word_1_284' title='bbox 1990 3725 2043 3781; x_wconf 87' lang='lat' dir='ltr'>h.</span> <span class='ocrx_word' id='word_1_285' title='bbox 2081 3743 2186 3779; x_wconf 84' lang='lat' dir='ltr'>van</span> <span class='ocrx_word' id='word_1_286' title='bbox 2222 3725 2469 3780; x_wconf 83' lang='lat' dir='ltr'>Munster</span> <span class='ocrx_word' id='word_1_287' title='bbox 2503 3726 2614 3780; x_wconf 90' lang='lat' dir='ltr'>und</span> <span class='ocrx_word' id='word_1_288' title='bbox 2652 3725 2775 3780; x_wconf 87' lang='lat' dir='ltr'>dem</span> <span class='ocrx_word' id='word_1_289' title='bbox 2812 3726 2977 3796; x_wconf 80' lang='lat' dir='ltr'>styfft</span> 
     </span>
     <span class='ocr_line' id='line_1_37' title="bbox 615 3814 2974 3886; baseline -0 -18"><span class='ocrx_word' id='word_1_290' title='bbox 615 3816 863 3870; x_wconf 88' lang='lat' dir='ltr'>Munster</span> <span class='ocrx_word' id='word_1_291' title='bbox 899 3819 989 3869; x_wconf 82' lang='lat' dir='ltr'>tru</span> <span class='ocrx_word' id='word_1_292' title='bbox 1025 3816 1137 3869; x_wconf 90' lang='lat' dir='ltr'>und</span> <span class='ocrx_word' id='word_1_293' title='bbox 1174 3816 1293 3870; x_wconf 91' lang='lat' dir='ltr'>holt</span> <span class='ocrx_word' id='word_1_294' title='bbox 1329 3815 1521 3886; x_wconf 83' lang='lat' dir='ltr'>t’syne,</span> <span class='ocrx_word' id='word_1_295' title='bbox 1579 3833 1637 3869; x_wconf 89' lang='lat' dir='ltr'>cr</span> <span class='ocrx_word' id='word_1_296' title='bbox 1673 3816 1825 3869; x_wconf 86' lang='lat' dir='ltr'>beste</span> <span class='ocrx_word' id='word_1_297' title='bbox 1863 3814 2045 3868; x_wconf 86' lang='lat' dir='ltr'>t’done</span> <span class='ocrx_word' id='word_1_298' title='bbox 2093 3814 2206 3867; x_wconf 90' lang='lat' dir='ltr'>und</span> <span class='ocrx_word' id='word_1_299' title='bbox 2243 3819 2459 3884; x_wconf 85' lang='lat' dir='ltr'>argeste</span> <span class='ocrx_word' id='word_1_300' title='bbox 2496 3814 2592 3868; x_wconf 84' lang='lat' dir='ltr'>tho</span> <span class='ocrx_word' id='word_1_301' title='bbox 2629 3814 2818 3880; x_wconf 85' lang='lat' dir='ltr'>keren,</span> <span class='ocrx_word' id='word_1_302' title='bbox 2856 3814 2974 3868; x_wconf 86' lang='lat' dir='ltr'>und</span> 
     </span>
     <span class='ocr_line' id='line_1_38' title="bbox 616 3902 2973 3974; baseline 0 -17"><span class='ocrx_word' id='word_1_303' title='bbox 616 3904 715 3957; x_wconf 86' lang='lat' dir='ltr'>dar</span> <span class='ocrx_word' id='word_1_304' title='bbox 750 3921 808 3958; x_wconf 91' lang='lat' dir='ltr'>se</span> <span class='ocrx_word' id='word_1_305' title='bbox 843 3906 1059 3959; x_wconf 85' lang='lat' dir='ltr'>ictzwes</span> <span class='ocrx_word' id='word_1_306' title='bbox 1097 3904 1154 3958; x_wconf 90' lang='lat' dir='ltr'>in</span> <span class='ocrx_word' id='word_1_307' title='bbox 1181 3904 1451 3974; x_wconf 85' lang='lat' dir='ltr'>erfaringe</span> <span class='ocrx_word' id='word_1_308' title='bbox 1486 3903 1704 3974; x_wconf 78' lang='lat' dir='ltr'>bynnen</span> <span class='ocrx_word' id='word_1_309' title='bbox 1743 3904 1907 3958; x_wconf 90' lang='lat' dir='ltr'>edder</span> <span class='ocrx_word' id='word_1_310' title='bbox 1944 3902 2110 3957; x_wconf 87' lang='lat' dir='ltr'>buten</span> <span class='ocrx_word' id='word_1_311' title='bbox 2135 3903 2399 3971; x_wconf 63' lang='lat' dir='ltr'>Manem,</span> <span class='ocrx_word' id='word_1_312' title='bbox 2438 3902 2571 3957; x_wconf 84' lang='lat' dir='ltr'>dath</span> <span class='ocrx_word' id='word_1_313' title='bbox 2608 3902 2729 3956; x_wconf 90' lang='lat' dir='ltr'>dem</span> <span class='ocrx_word' id='word_1_314' title='bbox 2756 3902 2973 3957; x_wconf 78' lang='lat' dir='ltr'>fursten</span> 
     </span>
     <span class='ocr_line' id='line_1_39' title="bbox 615 3990 2968 4063; baseline 0 -18"><span class='ocrx_word' id='word_1_315' title='bbox 615 3992 726 4045; x_wconf 89' lang='lat' dir='ltr'>und</span> <span class='ocrx_word' id='word_1_316' title='bbox 764 3993 952 4063; x_wconf 78' lang='lat' dir='ltr'>styffte</span> <span class='ocrx_word' id='word_1_317' title='bbox 987 3992 1084 4047; x_wconf 82' lang='lat' dir='ltr'>tho</span> <span class='ocrx_word' id='word_1_318' title='bbox 1109 3992 1344 4047; x_wconf 87' lang='lat' dir='ltr'>schaden</span> <span class='ocrx_word' id='word_1_319' title='bbox 1374 3992 1539 4046; x_wconf 86' lang='lat' dir='ltr'>reken</span> <span class='ocrx_word' id='word_1_320' title='bbox 1577 3992 1742 4047; x_wconf 88' lang='lat' dir='ltr'>edder</span> <span class='ocrx_word' id='word_1_321' title='bbox 1776 3996 1890 4046; x_wconf 83' lang='lat' dir='ltr'>tom</span> <span class='ocrx_word' id='word_1_322' title='bbox 1928 4007 2194 4061; x_wconf 78' lang='lat' dir='ltr'>gemynen</span> <span class='ocrx_word' id='word_1_323' title='bbox 2220 4008 2422 4061; x_wconf 79' lang='lat' dir='ltr'>uproyr</span> <span class='ocrx_word' id='word_1_324' title='bbox 2455 3991 2671 4045; x_wconf 86' lang='lat' dir='ltr'>mochte</span> <span class='ocrx_word' id='word_1_325' title='bbox 2692 3990 2968 4060; x_wconf 66' lang='lat' dir='ltr'>verlopem</span> 
     </span>
     <span class='ocr_line' id='line_1_40' title="bbox 615 4079 2968 4152; baseline 0 -18"><span class='ocrx_word' id='word_1_326' title='bbox 615 4080 832 4152; x_wconf 75' lang='lat' dir='ltr'>hegen,</span> <span class='ocrx_word' id='word_1_327' title='bbox 871 4082 1004 4136; x_wconf 85' lang='lat' dir='ltr'>dath</span> <span class='ocrx_word' id='word_1_328' title='bbox 1030 4080 1180 4135; x_wconf 82' lang='lat' dir='ltr'>sulve</span> <span class='ocrx_word' id='word_1_329' title='bbox 1216 4083 1335 4151; x_wconf 84' lang='lat' dir='ltr'>myt</span> <span class='ocrx_word' id='word_1_330' title='bbox 1360 4098 1503 4135; x_wconf 88' lang='lat' dir='ltr'>erem</span> <span class='ocrx_word' id='word_1_331' title='bbox 1538 4080 1678 4151; x_wconf 81' lang='lat' dir='ltr'>lyve,</span> <span class='ocrx_word' id='word_1_332' title='bbox 1716 4081 1859 4151; x_wconf 90' lang='lat' dir='ltr'>gude</span> <span class='ocrx_word' id='word_1_333' title='bbox 1883 4079 1994 4133; x_wconf 89' lang='lat' dir='ltr'>und</span> <span class='ocrx_word' id='word_1_334' title='bbox 2018 4079 2179 4134; x_wconf 91' lang='lat' dir='ltr'>blode</span> <span class='ocrx_word' id='word_1_335' title='bbox 2203 4096 2262 4134; x_wconf 87' lang='lat' dir='ltr'>so</span> <span class='ocrx_word' id='word_1_336' title='bbox 2287 4079 2396 4133; x_wconf 75' lang='lat' dir='ltr'>vell</span> <span class='ocrx_word' id='word_1_337' title='bbox 2420 4079 2703 4150; x_wconf 80' lang='lat' dir='ltr'>mogelyck</span> <span class='ocrx_word' id='word_1_338' title='bbox 2740 4079 2968 4148; x_wconf 85' lang='lat' dir='ltr'>t’keren,</span> 
     </span>
     <span class='ocr_line' id='line_1_41' title="bbox 615 4161 2971 4239; baseline 0 -18"><span class='ocrx_word' id='word_1_339' title='bbox 615 4168 713 4222; x_wconf 89' lang='lat' dir='ltr'>dat</span> <span class='ocrx_word' id='word_1_340' title='bbox 749 4170 898 4224; x_wconf 82' lang='lat' dir='ltr'>sulve</span> <span class='ocrx_word' id='word_1_341' title='bbox 936 4170 1035 4224; x_wconf 88' lang='lat' dir='ltr'>ock</span> <span class='ocrx_word' id='word_1_342' title='bbox 1073 4173 1130 4224; x_wconf 81' lang='lat' dir='ltr'>to</span> <span class='ocrx_word' id='word_1_343' title='bbox 1155 4169 1369 4224; x_wconf 89' lang='lat' dir='ltr'>melden</span> <span class='ocrx_word' id='word_1_344' title='bbox 1405 4169 1517 4223; x_wconf 90' lang='lat' dir='ltr'>und</span> <span class='ocrx_word' id='word_1_345' title='bbox 1555 4161 1865 4239; x_wconf 73' lang='lat' dir='ltr'>anbrengen</span> <span class='ocrx_word' id='word_1_346' title='bbox 1903 4185 1974 4221; x_wconf 83' lang='lat' dir='ltr'>an</span> <span class='ocrx_word' id='word_1_347' title='bbox 2011 4168 2114 4222; x_wconf 90' lang='lat' dir='ltr'>den</span> <span class='ocrx_word' id='word_1_348' title='bbox 2151 4167 2362 4222; x_wconf 85' lang='lat' dir='ltr'>fursten</span> <span class='ocrx_word' id='word_1_349' title='bbox 2399 4167 2605 4223; x_wconf 74' lang='lat' dir='ltr'>sulvest</span> <span class='ocrx_word' id='word_1_350' title='bbox 2640 4168 2768 4222; x_wconf 85' lang='lat' dir='ltr'>eder</span> <span class='ocrx_word' id='word_1_351' title='bbox 2804 4185 2971 4239; x_wconf 71' lang='lat' dir='ltr'>syner-</span> 
     </span>
    </p>
   </div>
   <div class='ocr_carea' id='block_1_8' title="bbox 614 4257 1795 4329">
    <p class='ocr_par' dir='ltr' id='par_1_9' title="bbox 614 4257 1795 4329">
     <span class='ocr_line' id='line_1_42' title="bbox 614 4257 1795 4329; baseline 0.001 -17"><span class='ocrx_word' id='word_1_352' title='bbox 614 4257 653 4312; x_wconf 86' lang='lat' dir='ltr'>f.</span> <span class='ocrx_word' id='word_1_353' title='bbox 694 4275 746 4327; x_wconf 88' lang='lat' dir='ltr'>g.</span> <span class='ocrx_word' id='word_1_354' title='bbox 783 4258 1209 4313; x_wconf 85' lang='lat' dir='ltr'>bevelhebberen</span> <span class='ocrx_word' id='word_1_355' title='bbox 1244 4260 1462 4329; x_wconf 77' lang='lat' dir='ltr'>bynnen</span> <span class='ocrx_word' id='word_1_356' title='bbox 1497 4258 1795 4313; x_wconf 81' lang='lat' dir='ltr'>Munster.“</span> 
     </span>
    </p>
   </div>
  </div>
 </body>
</html>
