3259 5075
319 1568 421 1641 Ἴ).
460 1569 581 1626 513.

612 321 741 386 618
1471 319 1657 388 Anno
1712 323 1882 388 1534
1926 324 2084 388 acta.

608 496 966 561 militonem
1012 496 1316 562 assciscit.
1378 498 1487 586 Hi·
1514 497 1709 562 simul
1754 498 2054 583 repagulo
2102 495 2459 563 cardinibus
2506 495 2700 560 eiecto
2746 491 2958 557 conci-

607 602 760 668 tatis
808 602 985 686 equis
1046 603 1117 668 in
1161 603 1409 668 hostem
1478 603 1745 688 aliisque
1806 604 2209 688 sequentibus
2275 601 2583 667 feruntur.
2677 599 2799 665 Sed
2843 598 2961 663 ille

609 709 1134 774 chirobombarda
1178 709 1436 776 adverso
1468 709 1603 776 ictu
1648 711 1951 776 traiectus
1987 709 2272 794 protinus
2318 725 2391 773 ex
2421 727 2577 792 equo
2622 707 2958 790 prolapsus

608 816 869 899 expirat,
919 816 1024 880 hic
1055 836 1201 881 vero
1247 817 1316 881 in
1346 817 1486 900 ipsa
1530 817 1858 900 eruptione
1903 816 2116 881 decem
2161 817 2225 881 et
2269 817 2407 880 octo
2438 812 2806 879 vulneribus
2854 831 2960 877 ac-

609 923 811 1002 ceptis
859 942 933 987 ex
979 942 1138 1006 equo
1185 924 1426 988 corruit
1470 925 1535 988 et
1578 923 1822 1008 aliquot
1863 923 2036 988 horis
2081 921 2264 986 humi
2309 921 2490 1005 quasi
2534 922 2823 985 mortuus
2864 918 2961 982 ia-

608 1028 761 1093 cuit.
856 1028 1028 1108 Quae
1073 1048 1172 1094 res
1219 1029 1376 1094 alios
1423 1030 1501 1094 ab
1547 1028 1898 1113 irruptione
1943 1028 2201 1110 terruit,
2272 1028 2539 1091 maxime
2585 1045 2732 1091 cum
2776 1043 2961 1107 repa-

606 1135 830 1218 gulum
899 1135 1271 1200 restitutum
1316 1137 1381 1199 et
1439 1137 1802 1218 reparatum
1865 1134 2170 1199 viderent.
2262 1134 2364 1199 Ita
2422 1152 2566 1216 ergo
2636 1132 2962 1214 equitatus

606 1241 846 1306 virtute
913 1241 1390 1323 transfugarum
1456 1241 1748 1324 repulsus
1817 1241 2058 1324 aliquot
2127 1240 2368 1324 equites
2414 1239 2483 1303 in
2529 1245 2734 1304 castra
2777 1237 2962 1301 bom-

606 1347 835 1412 bardas
881 1348 1146 1412 maiores
1193 1348 1468 1431 petitum
1515 1347 1781 1430 ablegat.
1857 1347 1981 1427 Qui
2026 1367 2171 1412 cum
2216 1346 2531 1412 tormenta
2576 1343 2964 1409 adducerent

608 1455 674 1518 et
717 1454 786 1518 in
834 1454 1226 1519 desertorum
1272 1454 1605 1518 interitum
1654 1453 2076 1537 disponerent,
2124 1453 2248 1536 ipsi
2297 1472 2362 1517 se
2392 1451 2559 1517 elabi
2604 1469 2733 1514 non
2777 1466 2965 1531 posse

607 1559 890 1625 videntes
938 1558 1246 1625 *arbitrio
1314 1559 1619 1644 principis
1682 1559 1782 1624 vel
1827 1559 1906 1624 ad
1968 1559 2238 1644 gratiam
2282 1558 2384 1623 vel
2431 1557 2509 1622 ad
2570 1555 2967 1639 supplicium

607 1665 907 1750 depositis
955 1667 1148 1731 armis
1196 1686 1261 1732 se
1308 1665 1567 1731 dedunt.
1660 1665 1815 1731 Inde
1860 1686 1974 1749 per
2018 1651 2372 1750 equitatum
2420 1664 2815 1728 Woltbecam
2862 1680 2965 1725 re-

607 1771 787 1836 ducti
834 1774 897 1837 et
941 1771 1010 1837 in
1055 1773 1293 1856 templo
1341 1771 1625 1837 conclusi
1672 1772 1947 1855 principi
2004 1772 2382 1855 supplicant.
2460 1770 2766 1852 Princeps
2812 1786 2966 1832 vero

605 1877 768 1942 hanc
800 1897 1055 1943 causam
1086 1878 1164 1942 ad
1203 1878 1391 1944 duces
1438 1878 1611 1960 belli,
1663 1879 2057 1943 centuriones
2106 1897 2441 1961 omnesque
2475 1874 2715 1940 milites
2747 1874 2964 1954 refert,

606 2002 875 2065 quorum
922 1984 1211 2048 unanimi
1279 1985 1636 2068 cognitione
1698 1983 1958 2067 fugitivi
2004 1983 2349 2048 desertores
2418 1981 2693 2046 militiae
2754 1977 2966 2059 infidi,

606 2089 874 2172 periuri,
943 2090 1351 2173 ignominiosi
1405 2091 1469 2154 et
1526 2089 1803 2171 improbi
1875 2088 2302 2153 decernuntur
2360 2090 2425 2152 et
2483 2084 2791 2170 principis
2862 2082 2969 2148 vel

606 2213 839 2278 poenae
885 2197 986 2260 vel
1031 2196 1270 2277 gratiae
1315 2195 1778 2261 adiudicantur.
1850 2196 2085 2260 Verum
2132 2213 2277 2258 cum
2321 2194 2423 2258 illi
2470 2194 2661 2258 finem
2711 2188 2970 2273 suppli-

607 2299 791 2365 candi
839 2300 1115 2365 facerent
1160 2302 1429 2382 nullum,
1479 2302 1771 2384 princeps
1807 2303 2154 2366 commotus
2202 2300 2569 2365 auctoribus
2616 2295 2971 2380 transfugii

609 2408 673 2470 et
719 2405 1084 2470 secessionis
1130 2407 1372 2488 punitis
1404 2407 1627 2472 ceteris
1675 2406 1946 2490 gratiam
1990 2407 2144 2471 facit
2190 2406 2607 2488 superiusque
2637 2403 2971 2468 decretum

607 2529 796 2577 suum
840 2512 1102 2577 lenitate
1143 2514 1207 2577 et
1251 2513 1586 2578 clementia
1630 2512 1888 2596 mitigat
1908 2516 1946 2577 ¹.

818 2617 972 2682 Post
1016 2617 1259 2701 aliquot
1304 2618 1438 2683 dies
1459 2620 1484 2658 ²
1529 2619 1786 2702 quidam
1831 2618 2156 2702 gregarius
2203 2637 2236 2681 e
2284 2618 2510 2682 castris
2558 2615 2637 2681 ad
2686 2615 2972 2697 anabap-

604 2723 790 2787 tistas
838 2722 1288 2806 transfugerat,
1339 2722 1477 2806 qui,
1527 2742 1673 2788 cum
1719 2723 1797 2788 ad
1842 2723 2488 2806 Knipperdollingum
2549 2718 2976 2804 explorandae

605 2829 671 2893 et
716 2828 1046 2893 discendae
1109 2828 1254 2893 fidei
1299 2848 1490 2894 causa
1533 2831 1835 2912 tanquam
1881 2830 2371 2894 catechumenus
2418 2828 2729 2893 deductus
2778 2828 2969 2906 esset,

603 2934 776 3016 apud
820 2953 1008 3017 quem
1042 2934 1176 2999 dies
1208 2935 1451 3019 aliquot
1494 2934 1851 3016 diverterat,
1902 2935 2065 3000 vidit
2104 2936 2519 3000 Bokelsonem
2563 2932 2972 3017 prophetam,

604 3039 717 3123 qui
763 3040 978 3104 eodem
1011 3039 1217 3105 adhuc
1262 3041 1538 3123 hospitio
1570 3042 1887 3123 utebatur,
1938 3044 2243 3107 nocturno
2286 3043 2567 3124 tempore
2600 3040 2678 3103 ad
2725 3038 2974 3103 lectum

604 3144 876 3208 famulae
922 3145 1284 3210 clanculum
1330 3165 1395 3210 se
1443 3143 1915 3211 subducentem.
2013 3147 2430 3210 Vehementer
2496 3145 2713 3228 itaque
2762 3142 2976 3208 admi-

603 3250 785 3313 ratur
814 3249 1204 3332 prophetam,
1247 3251 1458 3314 virum
1487 3249 1607 3314 Dei
1638 3270 1892 3315 uxorem
1922 3251 2275 3334 legitimam
2304 3251 2648 3315 habentem
2667 3251 2711 3332 ⁸,
2762 3249 2980 3314 aliena

824 3424 864 3492 ¹)
901 3425 1013 3478 Fiir
1049 3423 1136 3477 die
1174 3424 1723 3493 Gnadenbezeugung
1776 3426 1870 3479 des
1905 3425 2156 3479 Bischofs
2211 3426 2422 3495 spricht
2472 3424 2614 3479 auch
2669 3426 2791 3479 sein
2829 3424 2977 3479 oben

604 3510 960 3579 angefiihrter
994 3511 1188 3564 Befehl
1226 3528 1296 3565 an
1346 3512 1411 3566 B.
1448 3529 1497 3565 v.
1538 3512 1887 3567 Westerholt.
1960 3513 2119 3567 Nach
2155 3513 2222 3566 D.
2264 3513 2452 3567 Lilie
2490 3513 2546 3567 S.
2585 3514 2688 3566 241
2744 3511 2977 3566 wurden

607 3597 708 3665 „de
733 3598 1053 3667 menedigen
1090 3599 1292 3652 boven“
1335 3615 1402 3651 zu
1427 3598 1686 3652 Wolbeck
1727 3617 1860 3667 „van
1887 3599 2008 3654 dem
2046 3600 2447 3670 scharprichter
2472 3601 2653 3655 Statio
2688 3600 2979 3667 enthovet,

605 3687 695 3741 ein
732 3686 843 3740 deil
878 3685 1386 3754 dorchgestecken.“

820 3772 864 3840 ²)
901 3774 1014 3827 Der
1037 3773 1290 3841 folgende
1315 3773 1538 3828 Bericht
1561 3775 1788 3829 Kerss.'s
1825 3777 1959 3830 iiber
1982 3776 2071 3830 die
2094 3777 2441 3847 Einfiihrung
2467 3777 2565 3831 der
2587 3777 2980 3832 Vielweiberei

604 3862 817 3915 stimmt
853 3877 1030 3930 genau
1066 3860 1169 3914 mit
1205 3861 1325 3914 dem
1361 3862 1447 3914 bei
1487 3861 1546 3914 L.
1573 3861 1979 3917 Hortensius
2019 3864 2073 3919 S.
2099 3864 2168 3916 27
2189 3864 2227 3919 f.
2266 3866 2510 3933 iiberein,
2550 3864 2649 3918 der
2681 3865 2827 3918 auch
2866 3881 2980 3919 von

601 3948 816 4003 Herm.
854 3948 1290 4002 Hamelmann
1330 3950 1383 4004 S.
1425 3951 1563 4003 1232
1600 3952 2052 4021 ausgeschrieben
2092 3953 2292 4007 wurde.
2346 3954 2414 4007 In
2454 3954 2645 4008 keiner
2682 3956 2980 4024 sonstigen

605 4034 799 4101 Quelle
837 4037 966 4090 aber
1000 4037 1076 4089 ist
1128 4036 1217 4090 die
1254 4037 1426 4091 offene
1462 4037 1893 4109 Verkiindigung
1937 4039 2034 4094 der
2069 4040 2389 4111 Polygamie
2446 4042 2619 4095 durch
2656 4042 2886 4097 Johann
2923 4060 2979 4097 v.

603 4122 808 4177 Leiden
843 4124 901 4176 in
939 4122 1220 4177 ahnlicher
1256 4123 1433 4177 Weise
1471 4124 1789 4193 begriindet.
1862 4127 2047 4196 Vergl.
2085 4128 2226 4181 auch
2263 4127 2351 4182 die
2389 4130 2732 4199 Einleitung.

822 4208 866 4276 ³)
910 4209 1128 4263 Johann
1182 4210 1338 4264 hatte
1392 4210 1507 4264 sich
1563 4212 1729 4265 sehon
1782 4215 1839 4266 in
1894 4214 2096 4268 Leiden
2150 4215 2499 4271 verheiratet.
2574 4217 2768 4288 Vergl.
2821 4220 2984 4274 seina

600 4295 998 4351 Bekenntnisse
1051 4298 1139 4351 bei
1193 4297 1246 4351 J.
1284 4298 1592 4353 Niesert:
1634 4300 1784 4356 U.-S.
1820 4301 1867 4353 I.
1907 4302 1961 4357 S.
2003 4303 2162 4358 1741:
2200 4303 2314 4357 und
2367 4305 2443 4359 M.
2485 4305 2645 4371 G=.-Q.
2684 4306 2763 4375 ΙΙ,
2805 4308 2916 4362 369
2936 4308 2982 4363 f.

599 4382 851 4438 Nahcres
886 4384 1158 4439 berichtet
1199 4385 1380 4440 Kerss.
1415 4388 1602 4441 weiter
1638 4392 1824 4443 unten.
