3259 5075
644 226 781 292 802
1508 225 1693 291 Anno
1747 225 1916 291 1535
1962 227 2119 291 acta.

644 400 829 466 viunt
846 403 888 467 ¹.
981 399 1155 480 Quae
1199 420 1481 485 unquam
1524 400 1658 466 fera
1700 402 1834 467 tam
1877 400 2178 465 immanis
2223 402 2480 485 tamque
2525 400 2802 467 crudelis
2847 401 3008 481 fuit,

645 527 804 592 quae
848 508 918 572 in
963 526 1143 572 suam
1188 507 1476 573 subolem
1520 508 1587 572 et
1626 492 1886 590 partum
1944 506 2164 571 dentes
2210 525 2357 572 suos
2401 507 2614 573 acuit?
2700 506 3014 592 Diligunt

646 614 817 679 enim
860 613 1028 679 ferae
1100 632 1245 679 suos
1291 613 1527 697 foetus,
1596 632 1755 698 quos
1802 613 1997 679 etiam
2039 612 2109 678 in
2153 612 2319 678 fame
2390 613 2551 678 cibis
2595 615 2710 679 aut
2771 632 3013 698 magno

645 720 860 786 labore
904 723 1016 785 aut
1059 720 1341 804 periculo
1374 720 1542 786 vitae
1588 739 1738 785 suae
1783 719 2022 803 paratis
2054 719 2156 784 vel
2200 718 2454 803 proprio
2500 719 2824 785 interdum
2853 737 3010 785 san-

644 827 840 912 guine
899 826 1195 892 nutriunt
1239 828 1304 892 et
1345 826 1414 891 in
1461 827 1594 893 vita
1644 827 2032 891 conservant.
2126 826 2330 890 Bruta
2373 845 2638 910 quoque,
2701 844 2859 910 quae
2907 825 3008 891 al-

645 933 845 999 terius
891 933 1138 1017 generis
1206 933 1581 998 animalium
1623 932 1849 1015 rapina
1914 933 2280 1013 pascuntur,
2329 950 2367 996 a
2411 931 2729 996 consimili
2786 932 3010 996 tamen

646 1040 749 1105 sui
792 1038 1039 1123 generis
1086 1038 1391 1122 sanguine
1422 1037 1550 1104 sibi
1593 1039 1969 1121 temperant.
2029 1039 2118 1102 At
2147 1037 2219 1101 hi
2250 1056 2287 1102 a
2319 1037 2560 1121 proprii
2603 1039 2825 1121 partus
2855 1037 3006 1102 cibo

647 1166 772 1211 non
819 1146 1225 1211 abhorrentes
1256 1165 1470 1211 omnes
1504 1144 1737 1211 bestias
1770 1144 2114 1209 acerbitate
2145 1147 2210 1209 et
2250 1142 2646 1209 immanitate
2678 1145 3005 1227 superant.

647 1252 700 1318 O
747 1252 1111 1317 malesuada
1175 1250 1470 1336 penuria,
1540 1269 1699 1334 quae
1761 1252 2020 1315 naturae
2081 1251 2251 1333 leges
2296 1248 2525 1314 violas!
2620 1248 2672 1313 Ο
2717 1248 3008 1332 preciosa

647 1359 863 1442 fames,
911 1378 1069 1443 quae
1112 1357 1387 1442 propriis
1418 1357 1765 1422 visceribus
1812 1375 1937 1422 non
1983 1356 2224 1439 parcis!
2295 1357 2347 1422 Ο
2381 1356 2687 1420 obscoena
2731 1357 3002 1438 egestas,

652 1483 812 1548 quae
859 1464 1112 1529 sordida
1159 1467 1224 1529 et
1268 1463 1517 1529 insueta
1584 1462 1880 1528 humanis
1924 1462 2149 1528 usibus
2194 1462 2422 1527 infers!
2515 1462 2651 1527 Hoc
2696 1460 3008 1545 oppidum

647 1569 1156 1653 Westphalicum
1194 1568 1700 1652 Hycrosolimam
1745 1568 1928 1633 illam
1969 1567 2298 1633 Iudaicam
2340 1587 2464 1632 non
2495 1567 2680 1633 modo
2712 1586 3001 1651 aequare,

646 1695 868 1740 verum
913 1675 1105 1740 etiam
1164 1675 1636 1740 calamitatibus
1683 1676 1749 1740 et
1791 1674 2065 1739 miseriis
2130 1694 2424 1758 superare
2483 1694 2607 1739 non
2653 1676 2750 1740 est
2795 1674 3004 1739 ambi-

647 1780 942 1865 gendum.
1014 1781 1075 1846 Ν
1076 1801 1157 1846 on
1202 1779 1405 1864 igitur
1436 1780 1570 1845 sine
1600 1780 1783 1846 fatali
1813 1799 2000 1845 causa
2029 1799 2252 1844 novam
2301 1780 2466 1845 illud
2495 1779 3007 1864 Hyerosolimam

650 1887 1030 1972 appellitant
1049 1889 1090 1953 ².
1183 1886 1365 1952 Cutis
1413 1886 1871 1970 oppidanorum
1939 1886 2202 1951 flaccida
2246 1906 2430 1952 carne
2476 1887 2813 1969 absumpta
2857 1903 3006 1951 exa-

647 1993 841 2059 rescit
871 1995 935 2058 et
980 1993 1313 2077 nigrescit3
1361 2012 1473 2076 per
1505 2012 1640 2058 eam
1690 1994 1898 2058 costae
1930 1995 1994 2057 et
2036 1992 2342 2058 intestina
2386 1996 2816 2075 numerantur,
2860 2012 3009 2058 ossa

649 2101 882 2182 extant,
916 2098 1107 2182 digiti
1136 2099 1335 2163 macie
1366 2099 1592 2182 rigent,
1628 2118 1817 2163 nasus
1849 2099 2118 2180 acuitur,
2167 2118 2361 2182 genae
2391 2098 2667 2182 pendent
2696 2102 2762 2164 et
2792 2099 3003 2165 sulcos

648 2207 866 2287 agunt,
914 2204 1159 2268 lumina
1190 2204 1258 2269 in
1292 2204 1424 2270 suis
1466 2204 1722 2269 sedibus
1769 2205 1964 2270 altius
2013 2204 2356 2270 subsidunt
2400 2207 2464 2269 et
2507 2205 2689 2289 quasi
2718 2204 3010 2270 demersa

651 2309 1166 2394 conspiciuntur3
1222 2310 1385 2376 livor
1430 2313 1528 2376 est
1575 2312 1644 2376 in
1689 2312 1893 2391 vultu,
1943 2312 2009 2375 et
2052 2310 2204 2375 adeo
2268 2310 2467 2375 macie
2512 2309 2782 2375 confecti
2827 2313 3003 2393 sunt,

650 2417 726 2480 ut
770 2415 1033 2499 spectris
1079 2415 1192 2479 hos
1224 2418 1289 2481 et
1334 2417 1693 2482 simulacris
1738 2418 2133 2482 mortuorum
2179 2416 2514 2482 similiores
2560 2436 2693 2482 esse
2738 2416 3001 2498 dicereS‚

650 2541 840 2606 quam
900 2519 1285 2587 hominibus.
1380 2522 1526 2588 Sola
1583 2522 1859 2587 hominis
1928 2523 2136 2606 figura
2177 2522 2476 2604 cernitur,
2542 2542 2697 2588 usus
2742 2542 2887 2588 vero
2937 2524 3006 2589 et

649 2627 934 2694 officium
978 2628 1372 2694 desideratur
1390 2631 1432 2695 ⁸.
1515 2630 1789 2709 Quidam
1833 2630 2122 2695 ulcerum
2169 2630 2340 2694 sanie
2387 2630 2478 2695 ita
2524 2631 2874 2712 solvuntur,
2926 2632 3004 2695 ut

868 2877 908 2945 ¹)
946 2877 1049 2930 Ein
1071 2876 1311 2947 Beispiel
1335 2876 1497 2931 dafiir
1529 2876 1741 2932 erzahlt
1777 2876 1918 2932 Joh.
1955 2877 2316 2933 Fabricius
2352 2878 2704 2933 Bolandus
2740 2877 2830 2934 Bl.
2854 2878 3004 2932 Y2v.

648 2964 912 3020 Dasselbe
946 2966 1142 3020 nimmt
1176 2966 1393 3020 Herm.
1429 2966 1876 3021 Hamelmann
1913 2984 1962 3022 a.
1983 2983 2033 3021 a.
2053 2966 2117 3021 O.
2157 2968 2215 3020 in
2251 2968 2400 3021 seine
2434 2966 2793 3036 Darstellung
2829 2966 2946 3021 auf.

864 3051 908 3120 ²)
943 3052 1210 3108 Aehnlich
1233 3054 1367 3108 wird
1401 3054 1461 3108 in
1498 3053 1702 3108 diesem
1740 3053 2240 3125 Zusammenhange
2274 3055 2521 3109 Miinster
2555 3055 2659 3109 mit
2695 3053 3006 3110 Jerusalem

648 3139 960 3210 verglichen
995 3158 1100 3195 von
1135 3141 1281 3196 Joh.
1317 3142 1700 3197 Fabricius
1742 3142 2113 3209 Bolandus‚
2150 3143 2218 3197 D.
2245 3143 2462 3212 Lilie‚
2501 3141 2562 3198 C.
2586 3141 3001 3210 Heresbach‚

649 3227 806 3283 Ant.
845 3228 1103 3284 Corvin
1141 3247 1190 3286 a.
1217 3247 1266 3285 a.
1294 3231 1356 3286 Ο.

864 3317 911 3387 ⁸)
946 3318 1073 3389 vgl.
1107 3318 1246 3374 dazu
1283 3319 1372 3374 die
1397 3318 1760 3390 Schilderung
1794 3321 1853 3374 in
1877 3319 2337 3397 derFlugschrift
2376 3321 2518 3386 „Der
2541 3323 2738 3390 gantae
2762 3319 3000 3375 handel“

648 3405 734 3460 Bl.
760 3405 808 3459 A
825 3406 904 3475 3',
940 3424 1021 3460 wo
1046 3424 1150 3462 von
1175 3408 1281 3462 den
1316 3408 1523 3478 infolge
1560 3408 1656 3462 des
1679 3408 1934 3479 Hungers
1972 3425 2068 3464 aus
2095 3409 2345 3463 Miinster
2378 3408 2764 3464 Entwichenen
2801 3412 3004 3479 gesagt

648 3493 808 3548 wird:
852 3494 997 3561 „Das
1031 3494 1131 3550 fell
1178 3496 1347 3567 hieng
1383 3513 1451 3551 on
1488 3497 1718 3568 fleysch‚
1756 3496 1858 3565 lar,
1894 3496 2001 3551 lol's
2036 3497 2150 3551 und
2186 3496 2496 3567 geruntzelt
2529 3497 2664 3551 uber
2700 3496 2788 3551 die
2824 3496 3004 3552 blosse

648 3582 803 3648 bein3
841 3582 939 3638 das
964 3583 1139 3638 haubt
1173 3584 1338 3639 stund
1364 3586 1449 3638 nit
1474 3585 1686 3655 andere,
1723 3586 1869 3639 dann
1891 3586 1994 3640 wie
2020 3585 2118 3640 das
2155 3584 2491 3640 krauthaubt
2525 3584 2644 3639 auff
2677 3584 2782 3639 (1611
2807 3584 3001 3651 stilen3

649 3673 738 3728 die
775 3690 920 3742 oren,
969 3673 1207 3745 lefftzen,
1259 3691 1444 3743 naseu,
1480 3692 1711 3745 wangen
1766 3691 1948 3729 waren
1983 3675 2186 3745 spitzig
2221 3674 2334 3728 und
2369 3673 2803 3744 durchsichtiger
2855 3673 3007 3729 daun

650 3762 738 3816 ein
773 3764 995 3832 papyr.“
1052 3762 1325 3830 „Vidisses
1361 3762 1689 3818 horrendum
1724 3778 2008 3834 corporum
2043 3762 2341 3830 habitum‚“
2382 3762 2624 3817 schreibt
2659 3760 2720 3816 O.
2757 3762 3003 3818 Heres-

648 3851 685 3905 b
699 3850 826 3905 ach
862 3851 917 3906 S.
954 3852 1042 3921 25,
1085 3851 1401 3923 „plerosque
1427 3893 1442 3907 .
1464 3894 1478 3908 .
1499 3893 1512 3907 .
1539 3852 1724 3907 inedia
1760 3870 1823 3907 ac
1849 3853 1994 3906 malo
2031 3852 2154 3908 cibo
2191 3851 2507 3907 debilitatos
2543 3850 3003 3922 deformatosque,

649 3942 723 3994 ut
757 3942 1209 3996 semimortua
1243 3941 1462 3996 busta
1496 3943 1741 3996 verius
1779 3957 1977 4012 quam
2012 3940 2323 3996 homines
2361 3942 2821 4010 apparerent,
2860 3938 3004 3995 facie

648 4026 971 4083 cadaveroso
1018 4028 1228 4099 pallore
1264 4029 1538 4098 confecta,
1575 4033 1764 4085 ventre
1800 4030 2027 4098 tumido,
2081 4030 2338 4084 membris
2373 4027 2594 4096 luridis,
2648 4027 2877 4098 pedibus
2911 4028 3004 4083 vix

647 4117 1119 4172 consistentibus.“
1174 4117 1212 4172 J
1211 4118 1456 4173 ustinian
1492 4136 1540 4173 v.
1566 4117 1939 4173 Holtzhausen
1976 4117 2182 4172 meldet
2215 4134 2305 4171 am
2340 4117 2427 4172 21.
2451 4117 2566 4171 Mai
2605 4116 2808 4170 seinem
2830 4116 3006 4172 Vater

652 4203 748 4273 (M.
775 4204 932 4272 G.-Q.
969 4205 1047 4275 11,
1075 4206 1234 4275 335):
1278 4206 1429 4274 „Wie
1466 4207 1556 4261 ich
1592 4208 1672 4262 sie
1709 4206 1815 4263 den
1851 4205 2056 4277 gesehn
2090 4206 2216 4275 hab,
2257 4206 2345 4261 die
2379 4206 2593 4272 woibor,
2630 4220 2854 4259 menner
2887 4203 3006 4259 und

647 4292 855 4361 111111161,
907 4294 996 4349 (116
1032 4294 1195 4349 seben
1234 4294 1343 4350 alle
1378 4312 1438 4350 so
1474 4295 1603 4350 weis
1640 4296 1813 4350 under
1847 4294 1951 4350 den
1988 4311 2167 4364 augen
2218 4296 2318 4349 wie
2356 4295 2444 4349 ein
2486 4292 2803 4364 gewaschen
2839 4291 3005 4361 (111611,
