3259 5075
1181 301 1364 368 Anno
1415 304 1586 369 1533
1630 306 1790 369 acta.
2522 306 2654 372 387

501 472 780 542 Praeter
823 477 939 543 hos
969 480 1243 561 senatm,
1277 479 1524 545 tribuni
1555 482 1620 546 et
1664 480 2175 547 mechanicorum
2220 483 2523 566 praefecti
2553 502 2660 549 sex

243 593 615 663 censores,
664 585 833 649 viros
877 603 1099 669 graves
1145 588 1333 671 atque
1363 588 1702 670 conspicua
1731 588 1970 653 virtute
2016 588 2317 670 illustres,
2366 589 2659 674 designa-

241 683 478 767 bunt,
571 691 686 774 qui
732 692 1188 759 controversias
1231 693 1299 758 in
1344 694 1770 759 matrimoniis
1836 694 2072 777 passim
2132 698 2374 761 exortas
2438 696 2660 761 diebus

237 789 567 860 Saturni
629 798 698 862 in
759 796 896 863 loco
963 799 1287 865 commodo
1355 800 1701 867 discutient
1758 820 1830 865 ac
1892 800 2210 867 diriment.
2304 801 2475 882 Quae
2533 801 2661 867 uisi

236 901 556 969 mature
600 908 1078 988 componantur,
1128 906 1479 989 plurimum
1524 906 1906 972 incommodi
1932 907 2005 972 in
2036 907 2492 991 rempublicam
2536 908 2659 973 im-

239 1011 560 1090 portare
607 1011 830 1077 solent.

519 1118 719 1183 Porro
766 1118 1076 1201 quomodo
1106 1119 1370 1204 quisque
1415 1139 1482 1185 se
1512 1120 1580 1184 in
1620 1139 1735 1185 sua
1763 1119 2087 1185 functione
2130 1122 2323 1205 geret,
2372 1139 2445 1186 ex
2489 1121 2659 1187 iusto

243 1219 794 1303 plebisscitorum
839 1226 1158 1291 volumine
1221 1229 1648 1309 cognoscetur.
1741 1227 1913 1293 Haec
1958 1247 2102 1293 vero
2146 1227 2422 1293 breviter
2467 1247 2661 1293 anno-

241 1329 432 1394 tata
489 1333 660 1412 sunt,
707 1333 785 1397 ut
827 1351 917 1413 ea,
968 1352 1126 1416 quae
1171 1332 1252 1397 ad
1295 1333 1677 1399 christianae
1722 1334 2106 1417 reipublicae
2151 1335 2416 1400 formam
2462 1334 2659 1418 perti-

245 1439 478 1518 nent,
529 1438 809 1521 coepisse
853 1438 1198 1504 videamur.

523 1544 690 1611 cum
736 1548 947 1610 autem
994 1544 1453 1629 dispensatores
1497 1546 1694 1626 verbi,
1761 1546 1873 1630 qui
1918 1545 2224 1630 populum
2270 1567 2380 1631 per
2424 1547 2660 1613 doctri-

259 1669 458 1715 nam
484 1650 607 1717 Dei
653 1651 734 1716 ad
765 1652 1144 1718 christianae
1176 1652 1344 1717 vitae
1376 1653 1740 1718 societatem
1784 1653 2169 1736 pertrahent,
2217 1652 2287 1718 in
2319 1672 2433 1718 sua
2475 1652 2659 1717 func-

267 1756 482 1822 tione
513 1758 873 1824 confirmati
916 1758 1172 1840 fuerint,
1221 1757 1489 1823 dubium
1533 1778 1660 1824 non
1693 1758 1832 1839 erit,
1882 1758 2035 1842 quin
2073 1759 2265 1824 multi
2312 1759 2659 1842 pertinaces

275 1866 370 1929 et
419 1865 752 1948 praefracti
823 1865 1106 1930 homines
1174 1865 1376 1930 futuri
1424 1865 1580 1940 sint,
1628 1865 1742 1948 qui
1786 1866 1976 1930 verbo
2020 1864 2139 1931 Dei
2186 1885 2310 1930 non
2372 1867 2659 1949 parentes

282 1989 534 2053 puram
594 1991 666 2036 ac
713 1972 1123 2037 christianam
1189 1973 1389 2038 vitam
1457 1971 1838 2037 difficillime
1906 1972 2383 2055 amplectentur.
2476 1971 2660 2037 Tales

291 2077 525 2161 itaque
573 2078 652 2142 ad
700 2078 1078 2144 christianae
1123 2079 1292 2144 vitae
1345 2079 1689 2163 puritatem
1735 2077 2221 2144 conservandam
2266 2077 2455 2144 iustis
2499 2078 2659 2162 legi-

292 2184 428 2249 bus
475 2186 543 2249 et
602 2184 805 2269 gladii
871 2186 1409 2251 animadversione
1477 2185 1802 2251 coercendi
1866 2186 2031 2250 sunt.
2125 2183 2328 2264 Quare
2374 2186 2443 2249 in
2487 2185 2659 2250 blas-

298 2290 572 2374 phemos
604 2292 669 2356 et
712 2291 1041 2357 manifeste
1073 2292 1507 2376 delinquentes
1551 2292 1875 2376 legitimae
1906 2310 2138 2375 poenae
2169 2291 2655 2373 constituentur,

303 2399 546 2482 quibus
592 2399 660 2462 in
707 2398 1200 2481 praefractorum
1246 2401 1549 2464 terrorem
1595 2401 1660 2463 et
1703 2399 2012 2464 bonorum
2057 2398 2326 2463 tutelam
2372 2417 2408 2462 a
2439 2400 2662 2463 senatu

303 2504 689 2571 afficientur.

525 2611 846 2694 Principio
904 2632 1118 2677 omnes
1179 2612 1513 2678 manifeste
1579 2612 1765 2695 impii
1810 2614 1874 2677 et
1918 2612 1987 2675 in
2031 2612 2235 2676 Deum
2302 2610 2660 2695 blasphemi

305 2717 659 2802 christiano
704 2719 1100 2783 anathemate
1146 2718 1469 2794 ferientur,
1520 2738 1642 2803 quo
1689 2718 1755 2783 in
1801 2718 2049 2783 malitia
2094 2738 2209 2783 sua
2248 2718 2549 2783 obstinati
2596 2717 2662 2783 et

301 2828 454 2908 post
501 2825 838 2889 secundam
883 2827 997 2890 aut
1041 2826 1294 2890 tertiam
1358 2825 1849 2891 admonitionem
1894 2844 2016 2890 non
2064 2824 2498 2908 resipiscentes
2544 2844 2658 2908 per

303 2933 640 2997 ministros
685 2932 860 2997 verbi
929 2932 1641 2997 excommunicabantur
1706 2933 1894 3016 atque
1951 2931 2042 2997 ita
2087 2951 2123 2996 a
2168 2931 2660 2997 christianorum

299 3041 495 3104 coetu
538 3039 795 3122 publico
841 3040 1355 3122 segregabuntur,
1404 3041 1496 3119 ut,
1548 3039 1659 3122 qui
1699 3038 2031 3104 christiani
2064 3058 2194 3104 esse
2223 3038 2442 3119 velint,
2491 3036 2658 3102 nihil

304 3146 676 3211 commercii
708 3147 771 3211 et
816 3145 1290 3210 consuetudinis
1322 3164 1468 3210 cum
1511 3145 1644 3210 illis
1690 3146 1980 3210 habeant.
2051 3145 2118 3210 Si
2147 3163 2292 3210 vero
2338 3143 2500 3208 illud
2531 3162 2656 3208 non

303 3251 649 3334 profuerit,
723 3252 830 3317 sed
876 3252 942 3315 in
990 3271 1104 3316 sua
1161 3250 1412 3315 malitia
1477 3251 1860 3334 pertinacius
1924 3251 2122 3335 (quod
2169 3251 2338 3315 Deus
2385 3250 2655 3334 avertat)

303 3358 847 3441 perseveraverint
889 3376 1201 3441 pravoque
1233 3376 1345 3422 suo
1377 3356 1631 3422 vivendi
1662 3358 1941 3441 exemplo
1978 3356 2433 3440 rempublicam
2463 3356 2657 3421 offen-

308 3464 544 3545 derint,
591 3482 628 3528 a
673 3466 893 3529 senatu
944 3463 1133 3528 semel
1195 3465 1382 3547 atque
1428 3463 1660 3528 iterum
1732 3463 2271 3542 admonebantur3
2343 3481 2498 3546 quae
2544 3461 2655 3527 ad-

305 3569 580 3635 monitio
627 3569 682 3634 si
727 3569 1006 3634 fructum
1064 3571 1380 3652 pepererit
1424 3570 1696 3650 nullum,
1767 3588 1879 3652 pro
1929 3569 2168 3634 ratione
2233 3567 2386 3633 facti
2434 3567 2657 3653 dignas

303 3695 542 3758 poenas
590 3675 785 3741 luant.
881 3674 1036 3741 *His
1084 3677 1295 3740 autem
1341 3675 1622 3759 flagitiis,
1674 3694 1831 3760 quae
1875 3675 2012 3739 iure
2058 3674 2236 3739 civili
2281 3674 2652 3755 puniuntur,
2682 3685 2713 3717 ⁸¹

306 3785 388 3846 ut
427 3782 810 3863 latrociniis,
858 3781 1064 3862 furtiS,
1135 3782 1600 3864 proditionibus
1647 3784 1713 3847 et
1757 3781 2092 3862 similibuS,
2140 3797 2332 3845 novas
2379 3779 2546 3863 leges
2593 3780 2658 3844 et

307 3908 543 3972 poenas
590 3889 971 3955 constituere
1030 3910 1154 3956 non
1201 3892 1298 3956 est
1366 3890 1901 3974 operaeprecium3
1969 3889 2077 3955 sed
2136 3889 2237 3970 iis,
2309 3907 2466 3972 quae
2513 3891 2656 3971 (pro

311 3994 522 4075 dolor)
594 3994 899 4060 diuturna
966 3995 1417 4062 consuetudine
1477 3997 1545 4062 in
1592 4015 1885 4080 magnam
1953 3997 2261 4061 bonorum
2328 3993 2660 4060 hominum

308 4101 720 4167 offensionem
788 4102 952 4167 levia
1009 4103 1145 4167 visa
1201 4106 1352 4168 sunt
1410 4122 1611 4187 neque
1681 4102 1985 4168 hactenus
2054 4102 2305 4186 punita,
2378 4100 2547 4184 leges
2594 4103 2660 4166 et

313 4227 542 4292 poenas
588 4208 868 4293 irrogare
912 4209 1333 4274 necessarium
1379 4211 1501 4292 est,
1564 4209 1777 4293 qualia
1823 4212 1974 4274 sunt
2016 4227 2176 4274 vana
2221 4210 2285 4273 et
2327 4207 2661 4273 temeraria

309 4314 694 4396 iuramenta,
766 4315 1208 4399 execrationes,
1280 4316 1452 4382 dirae
1519 4315 2027 4399 imprecationes,
2097 4314 2521 4399 blasphemiae
2588 4313 2661 4379 in

2434 4428 2465 4486 1
2489 4417 2518 4447 ¹*
