3259 5075
1201 313 1385 378 Anno
1440 312 1610 379 1533
1656 313 1814 378 acta.
2549 312 2682 377 457

324 490 599 557 dictioni
666 490 967 556 subiectis
1029 509 1067 555 a
1125 505 1320 556 novae
1390 488 1853 555 reformationis
1924 489 2222 554 contextu
2294 489 2678 571 temperent;

323 616 529 680 neque
576 597 749 662 enim
791 597 860 661 id
905 616 971 662 se
1016 614 1211 680 aequo
1266 594 1476 660 animo
1521 596 1822 660 laturum.
1916 594 2109 659 Porro
2156 612 2303 659 cum
2346 594 2682 660 Dulmani-

323 702 587 769 ensibus
633 703 837 787 captis
884 722 951 768 se
996 702 1188 767 etiam
1232 721 1270 766 a
1299 701 1844 767 concionatoribus
1889 720 2016 768 non
2062 700 2474 783 admonitum,
2523 700 2680 787 quid

322 809 666 894 aequitatis
714 810 874 876 ratio
919 808 1355 893 postulaverit,
1403 809 1713 873 acturum.

540 916 844 999 Princeps
905 916 981 980 ad
1030 933 1244 981 omnes
1312 914 1612 980 dioecesis
1682 913 1870 979 urbes
1938 913 2257 979 tricesimo
2302 914 2677 981 Novembris
2704 932 2773 976 ευ.
2801 929 2936 976 nov.

326 1022 554 1088 scribit
572 1026 624 1088 ¹:
687 1022 766 1089 Se
810 1020 1270 1105 componendae
1314 1019 1775 1085 reformationis
1823 1020 2055 1103 studio,
2105 1020 2204 1085 uti
2248 1020 2316 1085 in
2360 1020 2679 1105 Reynauis

324 1129 763 1212 superioribus
835 1128 1108 1193 comitiis
1183 1126 1545 1192 convenerit
1562 1128 1604 1209 ²,
1684 1128 2062 1209 occupatum
2127 1146 2258 1193 esse
2274 1128 2328 1210 ³3
2406 1147 2471 1192 se
2533 1146 2678 1212 ergo

324 1254 603 1318 poscere,
671 1237 747 1300 ut
790 1235 870 1300 ab
917 1234 1091 1301 omni
1156 1233 1488 1299 novatione
1545 1233 1616 1298 in
1663 1232 1987 1316 religionis
2047 1234 2298 1318 negotio
2346 1233 2471 1299 sibi
2515 1237 2678 1300 tem-

321 1344 566 1425 perent,
614 1342 809 1408 donec
854 1341 941 1424 id,
991 1341 1154 1425 quod
1204 1359 1241 1405 a
1287 1359 1352 1405 se
1399 1340 1709 1424 scriptum
1755 1339 1859 1422 sit,
1907 1340 2286 1423 publicetur.

542 1448 661 1514 Sed
731 1468 878 1514 cum
919 1446 1490 1530 Warendorpenses
1509 1448 1536 1486 ⁴
1579 1447 1726 1529 post
1793 1445 2051 1511 comitia
2106 1445 2407 1530 Reyuana
2473 1447 2678 1513 multa

321 1551 748 1636 innovassent,
798 1555 1009 1620 acrius
1041 1571 1145 1618 eos
1189 1572 1304 1636 per
1348 1551 1565 1618 literas
1583 1554 1611 1593 ⁵
1643 1552 1956 1637 obiurgat,
2005 1553 2170 1636 quod
2205 1553 2284 1618 ad
2324 1553 2677 1638 praescrip-

318 1658 469 1722 tum
513 1659 908 1743 superiorum
954 1660 1356 1726 comitiorum
1404 1678 1529 1724 non
1572 1658 1863 1741 vixerint,
1914 1658 2082 1743 quod
2127 1659 2518 1730 obedientiae
2564 1661 2677 1725 ob-

319 1763 429 1829 liti
476 1764 806 1831 seditiosos
851 1765 1317 1832 concionatores
1362 1765 1433 1830 in
1465 1784 1645 1830 suam
1691 1764 2147 1849 rempublicam
2194 1765 2568 1831 admiserint
2611 1768 2677 1832 et

317 1870 491 1954 quod
538 1872 918 1937 ceremonias
963 1873 1202 1956 priscas
1247 1872 1653 1938 mutaverint.
1719 1872 1819 1937 Ad
1865 1890 2024 1956 quae
2071 1874 2129 1936 2.
2165 1871 2529 1938 Decembris
2576 1892 2675 1938 re-
2702 1887 2744 1930 2·
2771 1883 2892 1929 Dea-

319 1975 635 2059 spondent
652 1979 694 2059 ⁶,
745 1978 911 2062 quod
942 1978 1314 2044 seditiosum
1344 1978 1844 2045 concionatorem
1885 1977 2214 2062 abegerint
2230 1980 2281 2059 ⁷3
2330 1997 2476 2043 eum
2506 1998 2671 2062 vero,

320 2100 511 2165 quem
554 2083 858 2165 habeant,
923 2103 988 2150 se
1036 2083 1627 2149 Monasteriensium
1697 2082 1959 2150 consilio
2007 2085 2071 2148 et
2112 2083 2419 2148 hortatu⁸
2464 2103 2675 2150 susce-

317 2186 509 2270 pisse,
558 2188 667 2273 qui
700 2209 738 2254 a
768 2190 1075 2255 seditione
1108 2190 1390 2255 animum
1435 2189 1667 2255 habeat
1709 2209 1967 2274 prorsus
1998 2189 2294 2272 alienum,
2344 2190 2454 2274 qni
2485 2209 2675 2256 evan-

317 2293 564 2377 gelium
611 2295 883 2360 fideliter
928 2295 1164 2378 doceat,
1235 2294 1347 2379 qui
1393 2297 1783 2362 sacramenta
1826 2316 1952 2361 non
1997 2297 2347 2381 impugnet,
2418 2297 2525 2363 sed
2573 2296 2674 2362 in-

317 2398 522 2465 fantes
592 2420 998 2485 quoscunque
1056 2401 1299 2467 oblatos
1362 2401 1640 2485 baptizet
1686 2403 1750 2466 et
1792 2401 2108 2467 neminem
2154 2422 2191 2468 a
2236 2403 2675 2469 communione

319 2506 601 2590 corporis
647 2509 713 2573 et
772 2507 1100 2593 sanguinis
1159 2506 1401 2607 cbristi
1470 2507 1751 2592 repellat.
1845 2508 2098 2574 Precari
2157 2509 2371 2594 itaque
2436 2529 2527 2593 se,
2597 2511 2675 2576 ut

315 2613 611 2697 princeps
657 2614 835 2679 falsis
880 2614 1024 2680 istis
1071 2613 1458 2680 delatoribus
1491 2633 1672 2679 aures
1708 2633 1851 2680 suas
1898 2614 2190 2680 occludat
2220 2617 2285 2680 et
2329 2636 2394 2681 se
2427 2635 2674 2700 semper

312 2718 399 2784 ad
444 2720 683 2785 iustam
727 2720 1155 2787 defensionem
1209 2720 1523 2787 admittat.
1616 2721 1800 2786 Nihil
1845 2721 2016 2787 enim
2061 2740 2126 2787 se
2172 2740 2453 2806 unquam
2500 2742 2671 2788 com-

312 2825 684 2910 missurum,
733 2846 855 2911 quo
902 2827 1276 2911 obedientia,
1327 2847 1517 2912 quam
1562 2828 1842 2911 principi
1888 2828 2173 2911 debeant,
2220 2828 2510 2894 violetur.

528 2933 614 2999 Et
657 2952 806 3000 cum
850 2954 1064 3001 omnes
1109 2935 1297 2999 urbes
1343 2953 1408 2999 se
1453 2933 1734 3018 principi
1801 2935 2118 3018 parituras
2186 2933 2606 3000 rescriberent
2621 2936 2667 3016 ⁹,

311 3038 487 3105 solus
555 3041 809 3105 senatus
878 3039 1391 3106 Monasteriensis
1461 3039 1530 3104 in
1590 3040 1745 3106 haec
1790 3041 1983 3105 verba
2028 3043 2088 3106 3.
2136 3040 2501 3104 Decembris
2570 3060 2670 3106 re-

532 3320 575 3390 ¹)
609 3322 725 3377 Aus
760 3322 948 3393 Iburg.
1021 3323 1273 3393 Konzept
1306 3324 1383 3378 im
1422 3321 1594 3378 St.-A.
1630 3322 1709 3379 Μ.
1765 3351 1834 3363 -
1889 3320 1935 3392 ²)
1971 3321 2098 3393 Vgl.
2135 3321 2273 3376 oben
2328 3321 2384 3377 S.
2419 3322 2544 3377 434.
2602 3352 2671 3362 —

309 3407 358 3478 ⁸)
396 3408 487 3463 Im
521 3410 705 3465 Briefe
740 3411 911 3467 heisst
947 3428 1004 3466 es
1041 3427 1244 3482 genau:
1309 3453 1355 3479 „.
1378 3453 1392 3466 .
1416 3450 1430 3465 .
1469 3412 1567 3466 dat
1600 3429 1687 3482 π]
1723 3415 1782 3466 to
1819 3411 2088 3466 alsulcker
2122 3410 2311 3482 guder,
2360 3411 2674 3483 christliger

306 3497 627 3569 ordenunge
663 3499 807 3554 unde
857 3499 1213 3556 reformation
1247 3517 1341 3571 ym
1377 3501 1592 3555 steiden
1627 3500 1861 3571 vlitigen
1897 3499 2131 3569 arbeide,
2185 3500 2400 3555 werden
2437 3501 2537 3556 ock
2573 3501 2673 3557 dar

306 3602 454 3640 anne
492 3603 633 3657 geyn
669 3604 866 3658 moyge
903 3588 1068 3644 edder
1101 3589 1303 3645 unkost
1337 3588 1552 3660 mytica,
1608 3588 1823 3644 deselve
1860 3605 1923 3643 zo
1959 3588 2120 3644 bolde
2155 3606 2365 3659 ymmer
2397 3581 2672 3661 mogelich

306 3691 383 3730 an
421 3674 527 3730 den
563 3674 705 3730 dach
738 3675 915 3731 werde
950 3676 1216 3747 gebracht
1249 3677 1394 3732 unde
1429 3676 1751 3747 publicert.“
1792 3705 1859 3716 —
1898 3675 1942 3743 ⁴)
1979 3675 2106 3747 vgl.
2144 3693 2211 3731 zu
2247 3677 2497 3732 friiheren
2536 3677 2669 3733 Ver·

306 3762 663 3834 handlungen
700 3765 805 3819 mit
840 3764 1167 3820 Warendorf
1199 3766 1335 3820 oben
1374 3765 1430 3820 S.
1465 3764 1624 3821 4101:
1664 3794 1733 3806 --
1787 3763 1834 3833 ὅ)
1869 3763 2010 3819 Vom
2046 3764 2133 3818 27.
2169 3764 2309 3819 Nov.
2346 3781 2445 3819 aus
2480 3764 2671 3838 Ibin-g,

304 3851 560 3923 Komept
611 3853 690 3906 im
725 3852 897 3909 Sc-A.
932 3853 1010 3909 Μ.
1084 3853 1363 3910 Gedruckt
1415 3854 1505 3908 bei
1542 3853 1604 3907 L.
1642 3853 1909 3908 Keller:
1950 3852 2017 3909 G.
2055 3852 2107 3907 d.
2145 3853 2229 3908 W.
2285 3852 2340 3909 S.
2377 3853 2484 3908 303
2502 3853 2542 3909 f.
2599 3882 2668 3894 —

306 3939 356 4010 ⁰)
394 3940 545 4010 Orig.
581 3940 660 3994 im
697 3941 868 3998 St.-A.
904 3942 982 3998 Μ.
1040 3942 1395 4014 Abgedruckt
1426 3943 1518 3997 bei
1553 3942 1608 3999 J.
1646 3943 1701 3997 N
1711 3943 1952 3997 iesert:
1991 3941 2151 3998 U.-B.
2190 3940 2263 3996 1¹.
2302 3941 2357 3996 S.
2395 3942 2559 3998 209f.
2599 3971 2668 3982 --

306 4028 355 4099 τ)
392 4028 479 4083 Im
515 4028 834 4086 Schreiben:
896 4032 1027 4099 „dat
1060 4033 1130 4087 wi
1167 4049 1269 4087 uns
1304 4032 1364 4087 iu
1402 4031 1665 4102 vortyden
1701 4032 1804 4087 uth
1851 4031 2008 4087 bovel
2044 4033 2083 4086 i.
2121 4030 2160 4086 f.
2197 4048 2250 4101 g.
2291 4047 2452 4101 cynos
2488 4030 2669 4101 predi-

301 4122 504 4174 canten
541 4118 710 4189 deget
743 4121 856 4175 und
892 4120 969 4176 all
1007 4120 1295 4192 entslagen
1331 4120 1493 4191 hebn,
1550 4121 1617 4176 de
1655 4120 1775 4176 hier
1812 4120 1911 4175 ock
1965 4120 2158 4176 sedder
2193 4120 2290 4175 der
2326 4122 2504 4174 ersten
2541 4119 2669 4174 uth-

302 4206 480 4262 fiucht
532 4208 688 4263 nicht
721 4209 938 4265 wedder
970 4210 1188 4281 bynnen
1224 4211 1302 4265 ist
1336 4212 1541 4280 gewest
1579 4251 1592 4263 .
1611 4249 1626 4263 .
1651 4211 1698 4264 .“
1752 4238 1820 4250 —
1878 4209 1922 4278 ⁸)
1962 4225 2086 4277 „am
2130 4209 2361 4279 jungest
2397 4207 2669 4277 geholden

302 4293 616 4367 numago!
675 4326 744 4338 —-
800 4297 847 4365 ⁹)
884 4297 1197 4355 Stadtische
1235 4298 1530 4354 Schreiben
1582 4298 1765 4353 ausser
1801 4297 1906 4353 den
1941 4314 2047 4352 von
2082 4296 2266 4353 Keras.
2303 4296 2672 4367 angefiihrten

304 4400 411 4439 von
448 4384 778 4441 Warendorf
807 4387 921 4441 und
957 4387 1206 4443 Miinster
1243 4386 1366 4442 sind
1400 4387 1556 4442 nicht
1591 4388 1746 4442 mehr
1782 4386 2166 4442 nachweisbar.
