3259 5075
655 276 790 341 402
1518 276 1701 343 Α11110
1756 278 1926 343 1533
1973 278 2130 344 acta.

655 451 842 534 citur,
889 453 1165 518 veterem
1196 471 1342 518 vero
1375 453 1530 517 cleri
1573 451 1866 536 primarii
1910 452 2292 536 papisticam
2337 453 2579 518 vocant.
2662 450 2813 517 Nec
2861 447 3055 531 oppi-

655 556 805 622 dani
849 576 1010 623 nova
1053 557 1458 641 persuasione
1502 556 1753 623 inducti
1796 557 2098 622 dubitant
2145 556 2587 642 evangelicam,
2644 557 2734 621 ut
2782 552 3055 620 nomine

654 663 1192 745 excellentiorem·
1244 662 1340 729 ita
1386 664 1450 728 et
1494 662 1677 728 illam
1735 661 1999 728 alteram
2068 662 2530 747 discipulorum
2595 659 3056 728 multitudine

652 769 832 835 brevi
888 754 1407 854 'exuperatumm‚
1478 788 1626 835 cum
1681 770 1894 834 tamen
1963 767 2275 834 lectorum
2321 787 2624 834 numerus
2701 764 3055 832 auditores

653 874 782 941 fere
829 876 1125 959 aequaret
1169 877 1234 941 et
1296 874 1468 942 intra
1509 893 1743 959 paucos
1805 894 2049 940 menses
2096 876 2436 957 corrueret,
2506 874 2609 939 illi
2653 890 2826 939 vero
2876 870 3059 937 nihil

654 981 1037 1048 decresceret
1052 982 1094 1048 ².

377 1104 447 1147 2⁷.
475 1100 627 1147 κω.
870 1087 1108 1153 Eodem
1154 1088 1283 1171 die,
1353 1086 1655 1153 videlicet
1702 1089 1806 1153 27.
1855 1087 2104 1169 Martii,
2177 1087 2495 1153 Gerardus
2540 1083 3061 1153 Kibbenbroick

654 1194 843 1277 atque
907 1193 1265 1259 Bernardus
1334 1193 1905 1278 Knipperdollinck
1973 1212 2122 1260 cum
2185 1194 2598 1260 factiosorum
2665 1193 2958 1260 cohorte
3015 1209 3055 1255 e

653 1298 892 1382 templo
939 1317 1012 1363 ac
1056 1299 1417 1365 coemiterio
1463 1300 1540 1365 D.
1588 1299 1915 1366 Lamberti
1965 1300 2178 1366 omnia
2220 1300 2599 1366 ferramenta
2642 1319 2773 1384 ope
2822 1298 3057 1365 fabro·

369 1419 400 1453 ⁸
416 1439 471 1494 p.
507 1419 630 1477 364.
655 1422 800 1470 rum
845 1403 1188 1487 diripiunt,
1258 1404 1427 1470 unde
1474 1405 1754 1471 ambitus
1799 1404 2186 1471 *altissimae
2247 1405 2537 1488 speculae
2582 1405 2678 1471 ita
2724 1421 3053 1488 praemu-

652 1509 848 1592 nitur,
895 1510 972 1575 ut
1002 1510 1227 1594 vigiles
1272 1510 1341 1575 in
1381 1510 1652 1576 tutelam
1696 1511 1874 1577 urbis
1920 1511 2296 1577 excubantes
2319 1512 2345 1551 ²
2387 1511 2737 1577 securiores
2792 1507 3051 1576 redditi

654 1618 829 1681 metu
875 1614 1078 1681 subiti
1124 1634 1307 1681 casus
1353 1616 1726 1682 eximantur.

375 1741 447 1784 so.
474 1737 626 1782 mn.
867 1721 1016 1803 Ipsa
1059 1721 1163 1786 die
1207 1721 1445 1805 Iudica,
1495 1739 1655 1806 quae
1700 1722 1829 1787 fuit
1874 1724 1979 1789 30.
2027 1723 2266 1806 Martii,
2312 1723 2382 1789 in
2430 1724 2666 1809 templo
2713 1725 2804 1789 D.
2858 1721 3047 1788 Lnd-

652 1825 791 1912 geri
835 1827 1110 1910 primam
1168 1847 1426 1894 coenam
1471 1828 1851 1894 dominicam
1899 1847 2011 1893 suo
2059 1829 2193 1894 ritu
2260 1831 2628 1914 apparatam
2672 1828 3041 1895 celebrant.

390 1954 433 1996 3.
463 1949 624 2006 Aprn.
656 1935 717 2000 3.
765 1933 1008 2017 Aprilis
1054 1935 1456 2000 Hermannns
1500 1934 1800 2018 Tylbeok,
1849 1933 2089 2016 consul,
2137 1934 2469 2019 Ludgerus
2516 1936 2697 2001 thom
2740 1932 3043 2001 Brincke

655 2040 843 2123 atque
908 2039 1265 2105 Bernardus
1310 2041 1779 2125 Rothmannus‚
1845 2041 2366 2124 superintendens
2385 2043 2430 2124 ⁸,
2501 2062 2733 2127 magna
2779 2040 3043 2107 civium

656 2145 996 2210 comitante
1041 2145 1222 2228 copia
1266 2145 1424 2212 dnos
1469 2147 1936 2213 concionatores
1984 2147 2053 2212 in
2099 2148 2415 2231 templum
2459 2148 3038 2214 Transflnvianum

654 2250 1285 2317 honorificentissime
1342 2251 1776 2318 introducunt.
1869 2252 1973 2318 Ibi
2031 2255 2174 2319 tum
2216 2253 2657 2320 Rothmannus
2716 2253 2798 2319 de
2849 2251 3037 2318 felici

654 2356 966 2441 evangelii
1011 2375 1320 2440 3113333311,
1371 2357 1448 2422 (13
1480 2376 1671 2423 coena
1714 2358 2030 2424 dominica
2075 2358 2275 2443 deque
2321 2359 2595 2425 duorum
2637 2359 2766 2425 iam
2815 2358 3034 2424 intro·

654 2463 990 2527 ductorum
1036 2463 1477 2547 corybantium
1541 2463 1729 2530 laude
1786 2465 2098 2550 prolixam
2148 2464 2229 2530 ad
2274 2466 2583 2551 populum
2649 2466 3035 2531 concionem

652 2568 904 2635 habuit.

347 2691 437 2747 (so.
464 2690 636 2744 mn.)
868 2674 1105 2741 Eodem
1159 2675 1263 2741 die
1322 2677 1617 2761 princeps
1672 2677 1752 2743 ad
1810 2677 2085 2744 minores
2154 2678 2444 2744 civitates
2505 2678 2733 2744 scribit
2748 2681 2804 2744 ⁴:
2882 2673 3030 2743 Sibi

654 2782 925 2847 relatum
970 2800 1103 2847 esse
1149 2783 1454 2866 quosdam
1521 2802 1781 2849 suorum
1826 2784 2203 2868 oppidorum
2268 2784 2506 2850 incolas
2553 2803 2619 2849 se
2662 2783 2732 2848 in
2776 2782 3031 2866 templa

655 2976 851 3031 andrer
877 2976 1187 3032 kunstriker
1210 2976 1421 3046 schrift,
1447 2976 1544 3032 tho
1571 2977 1715 3048 gude
1741 2978 1827 3032 int
1850 2979 2081 3048 gemein‚
2107 2978 2261 3032 nicht
2286 2977 2452 3033 allein
2479 2977 2669 3033 dusser
2693 2979 2808 3032 stat
2835 2978 2863 3047 j
2870 2977 3023 3047 aget,

655 3063 764 3119 dan
802 3065 959 3119 einen
995 3065 1181 3120 ideren
1219 3064 1503 3120 lefhebber
1545 3066 1643 3121 der
1678 3066 1924 3136 spi-alten,
1962 3066 2059 3135 ler,
2096 3066 2418 3121 wettenheit
2452 3066 2596 3121 unde
2633 3065 2770 3120 aller
2805 3062 3026 3136 dogede

654 3153 714 3206 in
750 3152 858 3207 den
894 3152 1114 3207 31013131
1149 3152 1301 3207 1110111
1337 3153 1615 3208 Bruderen
1654 3153 1907 3224 geheiten
1946 3153 2292 3224 angerichtet
2339 3154 2481 3208 unde
2520 3171 2878 3224 angerangen
2915 3150 3018 3207 is.“

873 3239 916 3309 ¹)
951 3238 1132 3294 Ueber
1167 3239 1315 3295 diese
1352 3240 1730 3311 evangelische
1767 3240 1966 3295 Schule
2003 3242 2061 3294 in
2096 3242 2344 3296 Miinster
2381 3271 2448 3280 —
2476 3241 2565 3296 die
2601 3241 2833 3296 Absicht
2868 3241 3025 3296 ihrer

655 3327 1019 3397 Einrichtung
1054 3328 1130 3382 131
1164 3329 1366 3382 bereite
1404 3329 1542 3382 oben
1580 3328 1636 3383 8.
1673 3329 1780 3382 386
1818 3328 2065 3382 erwahnt
2100 3358 2166 3369 —
2204 3329 2383 3385 haben
2421 3330 2539 3385 sich
2575 3332 2793 3385 weitere
2829 3329 3021 3386 Nach-

653 3416 867 3472 richten
922 3416 1077 3469 nicht
1112 3415 1378 3470 erhalten.
1448 3416 1573 3471 Alle
1609 3415 1875 3487 Angaben
1911 3417 1969 3470 in
2006 3416 2103 3471 der
2141 3417 2245 3472 Bd.
2276 3420 2304 3472 1
2343 3418 2399 3473 8.
2442 3419 2542 3473 103
2578 3419 2736 3473 Α11111.
2777 3421 2806 3473 1
2848 3434 3021 3489 ange-

655 3505 876 3559 fiihrten
912 3504 1191 3558 Literatur
1244 3504 1377 3559 iiber
1414 3503 1510 3558 das
1557 3504 1934 3559 Miinstersche
1971 3504 2316 3560 Schulwesen
2369 3506 2547 3576 gehen
2581 3507 2703 3562 hier
2748 3505 3020 3577 lediglich

656 3592 758 3648 auf
787 3593 969 3647 Keras.
1007 3591 1233 3661 zuriick,
1290 3591 1385 3646 der
1421 3591 1561 3646 auch
1598 3592 1705 3646 den
1758 3593 1849 3648 bei
1883 3592 1937 3647 J.
1975 3593 2025 3646 K
2042 3595 2229 3664 onig:
2270 3593 2602 3650 Geschichtl.
2639 3596 2695 3649 N
2696 3595 3019 3650 achrichten

657 3681 791 3736 iiber
826 3680 879 3735 d.
919 3679 1113 3750 Gymn.
1152 3695 1218 3733 zu
1254 3679 1503 3734 Miinster
1559 3680 1829 3747 (Miinster
1870 3681 2027 3749 1821)
2069 3681 2124 3736 8.
2165 3682 2268 3736 144
2285 3682 2325 3738 f.
2379 3683 2750 3754 mitgeteilten
2787 3683 3019 3738 Worten

654 3770 731 3825 M.
769 3766 1125 3823 Bochell‘s
1163 3784 1230 3822 zu
1268 3766 1488 3823 Grunde
1524 3768 1681 3839 liegt.
1723 3798 1791 3808 —
1827 3769 1884 3824 N
1885 3769 1987 3824 och
2023 3787 2113 3825 am
2150 3772 2198 3824 1.
2235 3770 2394 3826 Febr.
2433 3771 2575 3826 1534
2611 3772 3021 3827 unterschreibt

656 3858 775 3913 sich
808 3857 841 3913 J
847 3857 934 3912 oh.
962 3856 1237 3928 Glandorp
1275 3857 1333 3911 in
1371 3857 1546 3912 31113111
1569 3858 1754 3913 Briefe
1790 3875 1863 3913 an
1899 3858 2006 3914 den
2042 3858 2389 3930 Landgrafen
2425 3859 2647 3931 Philipp
2672 3877 2777 3915 von
2802 3860 3017 3915 Hessen

657 3946 741 4002 als
778 3950 989 4015 „rector
1024 3946 1292 4001 scholae.“
1370 3945 1531 4001 Siehe
1568 3946 1630 4003 C.
1666 3947 1732 4001 A.
1770 3946 2168 4003 Cornelius:
2215 3948 2321 4002 Die
2356 3948 2770 4004 Miinsterschen
2805 3949 3015 4005 Huma-

655 4036 837 4091 nisten
876 4035 1146 4103 (Mi‘mster
1185 4034 1345 4103 1851)
1386 4035 1441 4090 8.
1482 4034 1567 4089 77.

870 4122 914 4193 ²)
950 4122 1077 4193 Vgl.
1103 4122 1241 4177 dazu
1277 4123 1378 4178 Bd.
1407 4126 1438 4178 1
1477 4123 1532 4179 8.
1559 4122 1626 4177 67
1666 4123 1754 4178 die
1788 4122 2197 4195 Beechreibung
2232 4123 2326 4179 des
2352 4124 2433 4180 St.
2460 4125 3009 4181 Lamberti-Turmes.

869 4210 915 4280 ⁸)
951 4211 1079 4283 vgl.
1118 4228 1184 4266 zu
1221 4212 1399 4267 dieser
1432 4212 1821 4283 Bezeichnung
1857 4213 1995 4267 oben
2033 4212 2087 4266 S.
2125 4212 2231 4267 389
2266 4212 2425 4267 Anm.
2461 4213 2513 4267 2.

868 4299 915 4368 ⁴)
954 4298 1231 4355 Vielmehr
1286 4317 1376 4355 am
1409 4300 1499 4356 30.
1534 4301 1685 4355 Mai-z
1740 4316 1847 4356 von
1893 4299 2065 4370 Iburg
2120 4316 2235 4355 aus,
2307 4301 2557 4371 Konzept
2609 4302 2687 4356 im
2724 4302 2897 4359 81.-Α.
2933 4303 3006 4357 Μ.

652 4386 1005 4459 Abgedruckt
1039 4389 1128 4444 bei
1163 4389 1225 4445 L.
1262 4388 1518 4445 Keller:
1561 4389 1627 4446 G.
1654 4390 1706 4445 d.
1735 4389 1817 4445 W.
1855 4389 1910 4445 S.
1949 4389 2071 4443 299.
