3259 5075
369 1119 475 1191 Ἴ).
510 1119 633 1173 572.

668 290 792 353 748
1520 287 1702 351 Anno
1758 286 1925 351 1534
1970 288 2126 350 acta.

666 464 866 529 decim
912 464 1118 529 millia
1162 465 1538 529 florenorum
1582 463 2010 528 Rhenensium
2055 463 2123 526 in
2156 461 2435 545 singulos
2482 480 2722 526 menses
2754 480 2791 526 a
2822 480 3004 544 prae-

664 571 852 635 dictis
898 570 1294 654 principibus
1327 573 1392 635 et
1436 554 1901 654 provinciarum
1934 569 2259 634 ordinibus
2305 567 2758 633 contribuendo,
2785 568 3004 632 decer-

662 680 902 742 nuntur
922 679 962 758 ¹,
1013 676 1180 741 unde
1213 677 1567 742 moderator
1611 677 1810 742 totius
1843 676 1932 742 rei
1962 674 2279 756 militarie,
2329 694 2515 759 quem
2559 675 3003 758 imperatorem

662 782 1137 866 appellavimuS‚
1188 782 1578 871 quingentos,
1628 782 1974 848 consiliarii
2015 781 2251 865 singuli
2283 783 2348 846 et
2391 781 2668 846 delectus
2699 780 3003 864 praefecti

661 888 981 971 ducentoS,
1030 892 1387 971 quaestores
1433 889 1658 954 aerarii
1704 889 2180 973 quinquaginta,
2251 889 2674 972 grammateus
2722 887 2999 971 quinque

661 998 725 1060 et
756 995 988 1078 viginti
1019 997 1282 1060 florenos
1315 995 1582 1080 singulis
1613 996 1937 1061 mensibus
1969 995 2248 1079 capient3
2295 995 2553 1078 reliquis
2585 1014 2729 1060 vero
2775 997 2999 1077 penta-

661 1102 1017 1183 cosiarchiS,
1068 1102 1402 1185 signiferis,
1442 1102 1934 1183 centurionibuS,
1984 1103 2256 1168 tribunis
2295 1102 2786 1186 inferiorumque
2817 1100 2998 1166 *offi-

659 1209 901 1274 ciorum
930 1209 1260 1292 praefectis
1285 1211 1349 1275 et
1376 1209 1679 1292 gregariis
1711 1209 2027 1274 militibus
2059 1209 2430 1274 Embdensis
2461 1212 2745 1274 monetae
2775 1208 2998 1273 floreni

662 1316 1078 1399 assignantur.
1158 1317 1292 1381 Hoc
1339 1319 1549 1381 autem
1595 1316 1981 1398 praesidium
2028 1315 2103 1381 ad
2153 1335 2256 1380 sex
2299 1317 2550 1381 tantum
2594 1334 2839 1380 menses
2886 1314 2997 1379 de-

658 1421 952 1486 cernitur.
1023 1422 1143 1487 Sed
1191 1423 1246 1487 si
1276 1423 1443 1487 intra
1487 1422 1653 1486 illud
1697 1425 1947 1505 tempus
1995 1423 2146 1486 urbs
2194 1442 2316 1487 non
2363 1423 2668 1504 capiatur,
2717 1421 2860 1486 aliis
2890 1440 2997 1485 co-

656 1528 857 1593 mitiis
905 1547 1060 1611 opus
1093 1548 1241 1594 esse.
1304 1529 1526 1594 Trium
1570 1530 1853 1612 priorum
1897 1530 2210 1594 mensium
2242 1529 2562 1594 decretum
2608 1527 2999 1612 praesidium

658 1634 736 1699 ad
762 1634 1013 1699 festum
1075 1635 1544 1701 Purificationis
1591 1635 1826 1700 Mariae
1848 1637 1888 1717 ²,
1952 1635 2098 1700 inde
2144 1635 2413 1700 duorum
2473 1636 2551 1700 ad
2597 1636 2829 1700 festum
2872 1635 2995 1698 Pa-

657 1739 840 1805 schae
857 1742 900 1823 ³,
969 1741 1186 1806 ultimi
1232 1744 1441 1807 autem
1485 1742 1719 1806 mensis
1766 1742 1844 1807 ad
1890 1742 2123 1807 festum
2167 1743 2607 1807 Pentecostes⁴
2651 1741 2992 1807 exolvetur.

654 1847 877 1911 Trium
923 1847 1283 1931 electorum,
1336 1849 1579 1914 scilicet
1622 1849 1998 1933 Moguntini‚
2051 1850 2456 1931 TrevirensiS,
2506 1848 2798 1929 Palatini,
2848 1847 2994 1912 illo-

655 1973 921 2038 rumque
965 1956 1379 2037 provinciales
1426 1956 1617 2020 simul
1665 1957 1728 2021 et
1771 1955 2105 2020 Rhenanae
2165 1955 2519 2037 provinciae
2567 1958 2768 2020 status
2815 1973 2996 2019 suam

654 2063 891 2128 decreti
936 2065 1236 2147 praesidii
1283 2067 1527 2148 partem
1573 2065 1741 2148 apud
1788 2066 2073 2130 senatum
2118 2064 2604 2145 confluentium,
2656 2062 2763 2127 sed
2808 2060 2994 2127 Colo-

653 2169 907 2250 niensis,
982 2171 1136 2235 Saxo
1207 2172 1400 2236 simul
1468 2173 1530 2235 et
1599 2170 1922 2235 Inferioris
1984 2189 2056 2234 ac
2100 2168 2561 2252 Westphalicae
2635 2166 2996 2250 provinciae

654 2275 900 2340 ordines
947 2277 1480 2343 contributionem
1549 2296 1728 2342 suam
1775 2276 1942 2359 apud
1991 2279 2278 2341 senatum
2323 2274 2753 2341 coloniensem
2801 2273 2994 2356 depo·

653 2383 823 2463 nent,
871 2383 1036 2447 unde
1066 2384 1334 2448 militiae
1381 2383 1745 2464 consiliarii,
1794 2382 2035 2466 quoties
2069 2402 2225 2466 opus
2257 2384 2369 2465 est,
2416 2382 2486 2446 in
2516 2400 2705 2446 usum
2751 2381 2996 2464 stipen-

653 2487 901 2554 diorum
949 2491 1210 2556 redditis
1260 2490 1509 2574 apochis
1574 2489 2007 2574 postulabunt.
2102 2490 2169 2556 Si
2217 2509 2361 2556 vero
2407 2490 2647 2555 interea
2690 2488 2842 2553 urbs
2889 2487 2994 2552 vel

653 2600 1045 2680 expugnetur
1076 2599 1176 2662 vel
1207 2598 1490 2680 dedatur,
1539 2598 1781 2663 ratione
1811 2598 1979 2663 facta
2008 2602 2073 2663 et
2103 2598 2389 2662 deductis
2436 2596 2738 2679 impensis
2772 2615 2994 2678 super-

653 2703 780 2767 flua
823 2705 1090 2785 pecunia
1133 2725 1245 2788 pro
1278 2707 1415 2769 rata
1457 2705 1742 2788 portione
1774 2705 2041 2788 singulis
2076 2705 2348 2769 statibus
2380 2703 2768 2769 restituetur.
2819 2701 2991 2782 Qua-

652 2810 796 2874 tuor
827 2810 1093 2877 militiae
1124 2811 1465 2877 consiliarii
1510 2813 1807 2877 Ioannem
1837 2811 2188 2877 Udenheim
2234 2811 2301 2875 in
2334 2812 2723 2894 quaestorem
2762 2810 2991 2875 aerarii

652 2916 1037 3000 adsciscunt,
1100 2919 1210 3002 qui
1256 2919 1479 3002 legatis
1527 2919 1891 3001 principum
1936 2938 2007 2983 ac
2054 2918 2516 3001 provinciarum
2563 2916 2840 2981 omnium
2891 2935 2992 2981 re-

650 3024 975 3105 ceptorum
1044 3026 1588 3109 expositorumque
1658 3026 1963 3090 rationem
2025 3027 2302 3089 exactam
2371 3023 2615 3102 reddet3
2688 3023 2992 3106 dabitque

652 3148 928 3212 operam,
979 3150 1055 3195 ne
1099 3133 1280 3197 miles
1343 3132 1553 3216 negati
1600 3133 1726 3197 sibi
1785 3132 2084 3215 stipendii
2131 3150 2317 3196 causa
2360 3131 2427 3195 in
2475 3130 2698 3194 castris
2744 3128 2990 3194 tumul-

651 3237 884 3300 tuetur.
962 3237 1184 3302 Totius
1229 3238 1498 3302 militiae
1543 3238 1914 3319 moderator,
1964 3237 2328 3320 consiliarii,
2377 3237 2585 3315 duceS,
2634 3235 2990 3319 pentacosi-

650 3341 872 3406 archae
905 3345 967 3407 et
1014 3362 1244 3424 omneS,
1293 3347 1604 3428 quotquot
1649 3344 1874 3409 officiis
1922 3344 2431 3425 condecorantur,
2479 3341 2877 3426 principibus
2924 3345 2990 3407 et

651 3448 922 3513 statibus
987 3450 1365 3532 supradictis
1437 3452 1822 3516 sacramento
1882 3451 2147 3516 militari
2193 3439 2379 3516 erunt
2424 3450 2741 3530 obstricti,
2802 3450 2988 3515 miles

649 3572 893 3638 quoque
938 3573 1107 3620 nunc
1151 3556 1219 3620 in
1252 3557 1472 3622 castris
1513 3559 1578 3621 et
1623 3557 1946 3622 obsidione
1993 3558 2221 3641 degens
2268 3559 2570 3623 hactenus
2617 3557 2986 3622 confirmato

647 3660 1123 3726 Monasteriensi
1167 3661 1569 3728 iureiurando
1604 3663 1920 3746 obligatus
1953 3683 2023 3727 eo
2055 3664 2313 3729 remisso
2346 3664 2670 3729 universae
2716 3662 2986 3728 militiae

647 3768 1053 3851 gubernatori
1097 3768 1348 3833 nomine
1396 3771 1790 3853 superiorum
1838 3771 2120 3835 statuum
2165 3770 2407 3836 iuratus
2455 3770 2578 3836 erit
2593 3773 2637 3835 ⁵.

864 3947 904 4000 ¹)
948 3987 992 4012 „.
1014 3986 1027 3999 .
1051 3988 1062 3999 .
1088 3945 1202 4000 und
1224 3946 1306 4000 sol
1343 3945 1553 4001 solcher
1575 3946 1815 4017 Rynisch
1842 3947 2042 4017 gulden
2080 3963 2145 4000 zu
2183 3946 2516 4001 fiinfftzehen
2551 3947 2764 4020 batzen,
2802 3945 2985 4001 sechss

646 4033 755 4087 und
811 4035 1098 4104 tzwentzig
1133 4034 1524 4104 weysspfennig
1577 4035 1690 4089 und
1727 4040 1897 4089 tzwen
1935 4035 2182 4105 pfennig,
2240 4034 2369 4089 oder
2423 4036 2510 4088 ein
2547 4035 2658 4089 und
2695 4037 2986 4105 tzwentzig

646 4123 906 4192 groschen
944 4123 1072 4176 oder
1108 4123 1451 4192 dergleichen
1487 4123 1659 4176 werdt
1693 4123 2012 4178 verstanden
2051 4124 2162 4177 und
2200 4124 2491 4192 gerechent
2526 4123 2788 4178 werden.“

860 4210 903 4279 ²)
940 4214 991 4266 ².
1029 4211 1184 4265 Febr.
1230 4212 1378 4265 1535.
1418 4239 1484 4249 —-
1542 4210 1586 4277 ⁸)
1624 4212 1711 4264 28.
1749 4211 1915 4267 Marz.
1956 4241 2020 4249 —
2078 4212 2123 4279 ⁴)
2165 4213 2247 4267 16.
2285 4211 2413 4266 Mai.

860 4299 903 4368 ⁵)
940 4299 1101 4353 Diese
1137 4299 1514 4368 Bestimmung
1567 4299 1751 4353 fiihrte
1807 4305 1989 4371 spater
2044 4316 2108 4353 zu
2145 4300 2486 4356 Differenzen
2543 4300 2802 4356 zwischen
2859 4300 2982 4355 dem

645 4386 874 4440 Bischof
903 4388 1014 4441 und
1040 4387 1160 4441 dem
1186 4387 1723 4444 Oberbefchlshaber.
1777 4389 1832 4443 S.
1856 4390 2042 4443 weiter
2066 4393 2249 4445 untcn.
2278 4420 2343 4429 -—
2377 4389 2462 4444 Im
2499 4389 2668 4445 St.·A.
2693 4390 2769 4445 M.
2804 4390 2985 4446 haben
