3259 5075
558 308 684 373 708
1416 306 1599 370 Anno
1653 306 1823 371 1534
1867 307 2024 371 acta.

555 482 747 548 huius
796 482 886 548 rei
933 484 1289 547 accuratam
1319 481 1625 546 rationem
1670 481 1962 563 habeant,
2011 480 2382 563 ne·impune
2426 500 2538 564 per
2569 479 2904 545 dioecesim

554 592 879 674 vagentur,
931 608 1112 654 suam
1157 588 1510 653 doctrinam
1555 572 1909 654 evomentes
1955 588 2241 653 incautos
2290 587 2788 652 circumveniant
2806 591 2846 651 ¹.

767 697 937 761 Dum
983 695 1133 760 haec
1179 697 1473 778 aguntur,
1545 694 1772 759 acerba
1815 693 2057 760 interea
2117 693 2314 776 pestis
2361 692 2601 758 Clivica
2647 690 2905 774 potissi-

553 821 731 867 mum
777 804 983 867 castra
1023 801 1271 867 invadit
1313 801 1673 884 multosque
1719 799 2000 883 quotidie
2045 799 2282 865 milites
2321 799 2551 865 sternit
2570 799 2613 862 ².
2686 796 2909 863 Castra

555 908 816 992 proinde
862 907 1141 972 descrere
1186 908 1253 971 in
1285 906 1494 972 animo
1542 907 1797 971 habent.
1866 905 2047 984 Quod
2091 925 2238 971 cum
2285 907 2365 970 ad
2410 905 2680 970 militiae
2715 905 2906 969 duces

554 1014 870 1098 perlatum
915 1014 1103 1094 esset,
1176 1014 1254 1077 ab
1300 1012 1528 1077 iisdem
1573 1014 1754 1077 datae
1815 1012 1964 1077 fidei
2010 1015 2073 1077 et
2117 1012 2534 1077 iurisiurandi
2610 1009 2911 1076 severiter

556 1120 1002 1201 admonentur;
1052 1118 1107 1183 si
1141 1138 1282 1183 vero
1329 1119 1538 1184 locum
1583 1119 1713 1183 iam
1757 1118 2120 1201 pestilentia
2164 1119 2473 1184 infectum
2517 1120 2767 1183 mutare
2799 1137 2907 1181 ve-

555 1225 699 1307 lint,
748 1224 1246 1290 Kindcrhusium
1279 1225 1413 1290 sine
1446 1225 1621 1289 clade
1659 1227 1871 1290 tamen
1917 1225 2199 1307 priorum
2231 1226 2581 1289 castrorum
2614 1222 2910 1288 secedant

557 1351 755 1415 neque
800 1331 1085 1415 principe
1130 1331 1331 1396 invito
1378 1351 1442 1397 se
1474 1332 1821 1396 desertores
1867 1330 2136 1397 militiae
2182 1331 2502 1396 declarent
2548 1348 2748 1412 neque
2783 1328 2909 1393 sibi

557 1439 851 1503 infamiae
896 1438 1212 1503 maculam
1270 1457 1596 1523 nunquam
1658 1437 2034 1503 abluendam
2092 1437 2377 1517 inurant,
2449 1435 2558 1501 sed
2605 1433 2909 1517 stipendii

560 1544 937 1610 solutionem
1005 1544 1350 1626 expectent.
1443 1543 1553 1607 Illi
1597 1562 1743 1608 vero
1790 1562 2003 1608 omnes
2066 1541 2523 1607 admonitiones
2571 1540 2640 1606 in
2688 1544 2908 1605 ventos

323 1670 391 1711 14.
421 1664 528 1709 Oct.
560 1649 886 1715 excutiunt
932 1653 997 1712 et
1040 1648 1143 1712 die
1198 1650 1294 1713 14.
1343 1650 1632 1715 Octobris
1697 1649 1920 1714 castris
1983 1648 2393 1713 inflammatis
2440 1645 2908 1712 tumultuantes

557 1756 675 1837 ita,
724 1757 800 1820 ut
843 1755 945 1836 fit,
1008 1756 1237 1819 exeunt
1281 1774 1352 1819 ac
1398 1755 1623 1820 erectis
1694 1754 1893 1838 signis
1954 1753 2174 1820 hostili
2235 1753 2313 1817 de
2357 1772 2528 1818 more
2587 1752 2908 1817 Havekes-

557 1864 781 1928 becum
829 1880 1059 1944 pagum
1105 1860 1415 1925 invadunt
1461 1861 1794 1944 omniaque
1832 1861 1928 1925 ibi
1971 1861 2040 1925 in
2071 1860 2369 1943 praedam
2400 1860 2656 1924 vertunt
2686 1861 2750 1923 et
2794 1878 2910 1941 pro

561 1988 676 2035 sua
737 1967 1003 2033 libidine
1048 1967 1119 2032 16
1164 1967 1469 2050 agricolas
1514 1968 1580 2030 et
1624 1966 1878 2050 quosvis
1941 1965 2155 2030 obvios
2224 1967 2594 2048 grassantur
2611 1965 2654 2029 ³.
2747 1963 2907 2029 Cum

560 2094 704 2140 vero
750 2074 1042 2156 princeps
1088 2073 1259 2155 ipsos
1305 2073 1594 2155 equitatu
1642 2090 1754 2136 suo
1801 2071 2092 2154 persequi
2151 2070 2415 2152 iuberet,
2477 2070 2632 2154 fuga
2677 2089 2741 2134 se
2786 2069 2910 2133 eri-

275 2195 377 2267 ·p.
412 2195 535 2250 552.
558 2181 765 2264 piunt.
843 2177 959 2244 *In
1002 2179 1229 2244 horum
1274 2181 1487 2243 autem
1531 2178 1744 2243 locum
1790 2177 2022 2242 ducum
2073 2195 2226 2241 cura
2268 2195 2467 2241 novus
2534 2175 2717 2241 miles
2762 2195 2912 2240 con-

560 2286 742 2350 tinuo
789 2284 980 2349 subit.

775 2389 1037 2455 Ioannes
1083 2389 1441 2473 Kloprisius
1510 2389 1778 2454 deformi
1837 2389 2022 2453 vultu
2067 2389 2130 2452 ct
2174 2388 2372 2453 barba
2429 2407 2576 2453 cum
2644 2389 2919 2471 quatuor

565 2495 695 2562 suis
727 2495 985 2580 collegis
1024 2496 1140 2561 hoc
1169 2495 1386 2561 eodem
1420 2495 1541 2579 die,
1590 2514 1815 2578 nempe
1851 2497 1950 2561 14.
1986 2495 2278 2561 Octobris
2296 2496 2341 2577 ⁴,
2390 2493 2914 2577 Warendorpiam

781 2778 823 2847 ¹)
859 2778 945 2832 Im
981 2776 1174 2831 Befehl
1228 2776 1398 2831 heisst
1434 2794 1516 2831 es:
1561 2817 1608 2843 „.
1628 2815 1644 2830 .
1665 2816 1679 2830 .
1719 2776 1855 2831 dath
1891 2776 1964 2830 du
2010 2776 2104 2830 (166
2159 2775 2332 2829 under
2384 2775 2563 2845 dynen
2618 2779 2914 2845 6166156161·-

563 2871 779 2922 wauton
817 2868 904 2922 616
928 2866 1120 2920 vlitich
1145 2865 1363 2937 upsicht
1397 2866 1509 2919 und
1532 2882 1786 2936 vorsorge
1818 2865 2060 2933 hebbeet,
2098 2864 2198 2919 ock
2221 2868 2309 2918 tor
2333 2863 2526 2918 stundt
2558 2880 2692 2918 unse
2717 2862 2918 2916 under-

565 2959 721 3011 satcn
742 2973 848 3011 von
873 2955 996 3010 adel
1019 2973 1092 3025 yn
1117 2954 1296 3025 dynen
1321 2959 1503 3025 amptc
1529 2958 1777 3024 gesetten
1801 2953 1994 3007 (161·161·
2017 2957 2268 3021 warnest,
2305 2954 2363 3006 in
2386 2951 2663 3022 raitschap
2701 2951 2915 3006 t’sitten

565 3045 675 3098 und
712 3063 771 3100 66
810 3045 925 3100 61611
978 3047 1035 3098 in
1072 3045 1249 3115 dynen
1288 3047 1470 3114 ampte
1527 3044 1736 3112 einiger
1771 3043 1956 3113 uproir
2011 3042 2140 3096 oder
2175 3058 2246 3096 66
2282 3041 2451 3096 ander
2487 3041 2654 3096 orden
2703 3039 2917 3108 erhove,

566 3132 757 3187 alsdan
794 3134 852 3188 in
887 3134 984 3187 der
1018 3133 1107 3204 yle
1144 3137 1200 3186 to
1229 3132 1427 3202 dynem
1462 3135 1770 3202 gosynnent
1805 3135 1921 3185 tom
1958 3133 2109 3185 ernst
2145 3129 2372 3200 t’folgen
2408 3128 2521 3183 und
2557 3128 2780 3184 sulcken
2816 3144 2915 3198 up·

566 3222 676 3276 roir
712 3225 767 3275 te
804 3223 1028 3276 weren.“

781 3308 826 3377 ²)
863 3310 931 3364 In
967 3310 1071 3364 den
1110 3309 1338 3375 Quellen
1375 3311 1451 3363 ist
1485 3308 1573 3362 (116
1611 3308 1820 3363 Seuche
1857 3311 2009 3361 sonet
2045 3323 2148 3360 nur
2184 3306 2323 3360 noch
2359 3323 2464 3361 von
2498 3307 2535 3361 J
2545 3324 2577 3360 6
2591 3306 2645 3360 h.
2672 3305 2918 3360 Fabri-

566 3399 715 3453 cius
749 3397 1112 3452 Bolandus
1165 3396 1252 3452 Bl.
1291 3397 1409 3451 S4v
1447 3395 1708 3450 erwahnt.

781 3484 826 3553 ⁸)
863 3487 975 3540 Das
1011 3485 1280 3540 berichtet
1313 3502 1418 3539 6111·
1454 3486 1635 3539 Kcrss.
1709 3485 1887 3538 Ueber
1923 3484 2022 3538 (166
2058 3483 2351 3539 Verlaufen
2392 3484 2488 3537 der
2523 3483 2771 3538 Knechte
2805 3479 2917 3551 vgl.

568 3574 656 3629 die
692 3574 1107 3643 Anmerkungen
1144 3574 1244 3627 auf
1275 3574 1330 3628 S.
1368 3574 1489 3629 686.
1543 3573 1924 3642 Aktenmfissig
1961 3573 2154 3626 1116666
2191 3573 2288 3626 1111·
2322 3588 2426 3625 von
2464 3570 2916 3641 gewaltthatIgen

566 3661 940 3732 Uebergriffcn
996 3662 1091 3716 der
1129 3661 1542 3716 Landsknechte
1597 3660 1766 3715 661166
1819 3661 1895 3713 im
1931 3660 2266 3729 September.
2337 3659 2441 3713 Am
2481 3661 2562 3713 19.
2600 3658 2919 3728 September

568 3751 849 3805 schreibeu
883 3750 916 3804 J
922 3750 1008 3805 oh.
1034 3767 1081 3804 ν.
1109 3750 1321 3804 Bueren
1359 3750 1470 3804 und
1510 3750 1788 3804 Hermann
1811 3766 1860 3804 v.
1887 3748 2206 3817 Mengersen
2244 3764 2315 3801 66
2340 3748 2445 3800 (1611
2480 3745 2710 3802 Bischof
2741 3745 2919 3815 (Orig.

567 3841 643 3893 im
680 3839 850 3896 St.-A.
874 3839 992 3908 M),
1031 3857 1087 3894 es
1119 3841 1197 3894 661
1233 3840 1397 3893 111666
1440 3838 1704 3909 „ytzundt
1738 3855 1811 3908 yn
1848 3836 2197 3891 affwessende
2233 3838 2269 3892 1.
2298 3837 2335 3890 f.
2362 3853 2416 3906 g.
2452 3833 2918 3903 mannichfoldige

568 3927 756 3998 klagte
791 3929 1072 3995 ankomen‚
1111 3928 1208 3982 dat
1242 3926 1479 3998 ytzliche
1513 3944 1617 3981 von
1644 3927 1748 3981 (1611
1779 3925 2118 3982 616166661166
2156 3925 2425 3980 1166611166
2460 3925 2677 3994 bynnen
2703 3922 2918 3978 Korrell

568 4033 858 4086 gewcssem
914 4021 1024 4087 twy
1060 4016 1209 4084 mall,
1265 4015 1365 4070 ock
1401 4015 1690 4085 gestheren
1736 4014 1919 4082 6661111,
1975 4013 2087 4068 und
2123 4013 2279 4068 aldar
2333 4012 2652 4083 3661166166,
2705 4029 2814 4067 1166
2850 4011 2922 4066 (16

568 4103 800 4159 knechte
824 4105 1112 4175 gesunden,
1149 4105 1261 4158 und
1289 4104 1457 4159 ander
1495 4104 1696 4174 gewalt
1731 4105 1835 4157 mit
1870 4102 2309 4173 glasscfenstern,
2347 4103 2538 4156 kasten
2575 4101 2688 4155 und
2724 4101 2924 4155 andere

569 4192 665 4246 tho
701 4193 1169 4248 vordistruerende
1207 4193 1317 4246 und
1352 4209 1424 4263 up
1464 4197 1522 4247 to
1560 4192 1779 4247 slaende
1818 4190 2214 4261 vorgewandt.“

784 4280 830 4349 ⁴)
868 4281 1057 4335 Dieses
1093 4282 1297 4335 Datum
1352 4281 1567 4352 ergiebt
1602 4279 1719 4335 sich
1755 4297 1854 4335 aus
1891 4280 2012 4334 dem
2050 4277 2342 4333 Schreiben
2381 4278 2475 4332 des
2511 4276 2761 4332 Bischofs
2796 4292 2923 4330 vom

569 4369 658 4425 21.
695 4369 815 4426 Oet.
855 4386 952 4424 aus
980 4368 1303 4423 Warendorf
1334 4386 1406 4423 66
1442 4370 1547 4424 (166
1571 4368 1892 4424 Erzbischof
1923 4385 2026 4422 von
2051 4365 2215 4423 Koln.
2264 4351 2513 4438 Konzept
2547 4368 2624 4420 im
2648 4364 2819 4421 St.-A.
2843 4364 2921 4420 M.
