3259 5075
1225 302 1408 367 Anno
1462 302 1635 367 1534
1680 303 1837 367 acta.
2572 302 2699 365 541

346 478 519 562 ipsos
568 480 645 543 ab
692 479 1118 544 internecione
1164 478 1474 562 singulari
1518 478 1823 544 beneficio
1872 496 1984 543 330
2016 475 2384 542 vindicasse.
2457 476 2705 557 Quibus

345 585 741 669 argumentis
785 586 1024 651 multos
1093 586 1330 668 passim
1393 605 1506 669 per
1549 585 1768 650 literas
1816 603 1960 649 3333
2007 583 2087 648 ad
2133 583 2294 647 hanc
2362 585 2596 648 sectam
2641 585 2711 648 et

345 693 575 757 urbem
617 693 869 758 invitat.
941 691 1181 757 Scribit
1225 691 1395 757 enim
1441 691 1516 755 ad
1565 691 1917 755 Henricum
1964 688 2595 773 Schlachtschapium
2641 690 2712 754 et

348 798 506 863 alios
557 818 704 864 suae
750 799 988 863 farinae
1034 798 1499 863 concionatores
1547 798 1614 862 in
1661 798 1815 862 haec
1862 798 2121 862 verba¹z

569 904 986 987 ,,Β31331(133,
1032 904 1181 969 Iesu
1226 904 1467 970 Christi
1512 905 1581 968 in
1628 903 1891 970 ecclesia
1936 922 2067 984 sua,
2137 920 2298 982 quae
2344 905 2441 967 est
2484 903 2709 967 Mona-

348 1010 548 1092 sterii,
596 1010 907 1091 minister,
956 1010 1228 1075 Henrico
1269 1010 1845 1094 Schlachtschapio,
1896 1029 2009 1074 suo
2057 1008 2259 1073 fratri.
2309 1008 2531 1073 Gratia
2573 1009 2702 1073 Do-

347 1115 507 1180 mini
555 1115 623 1180 in
669 1116 1044 1181 fortitudine
1115 1115 1391 1199 Spiritus
1445 1117 1660 1181 tecum
1708 1117 1772 1180 et
1816 1135 1963 1179 cum
2008 1115 2300 1179 omnibus
2374 1114 2698 1180 fidelibus!

347 1224 552 1288 Tanta
598 1225 664 1288 et
704 1225 841 1288 tam
906 1240 1137 1305 magna
1205 1223 1356 1285 sunt
1415 1220 1532 1285 Dei
1601 1220 1950 1302 mirabilia,
2022 1219 2114 1284 mi
2158 1219 2371 1301 frater,
2436 1219 2602 1303 quod
2648 1219 2708 1284 si'

347 1329 645 1394 haberem
689 1329 941 1412 linguas
988 1330 1262 1410 centnm,
1328 1346 1453 1391 non
1499 1346 1748 1410 possem
1819 1328 2033 1391 tamen
2077 1327 2438 1410 exprimere,
2512 1346 2709 1411 quare

348 1435 542 1500 etiam
612 1435 883 1500 scribere
926 1454 1051 1499 non
1118 1452 1395 1518 possum.
1490 1432 1800 1498 Dominus
1870 1432 2201 1516 magnifice
2268 1433 2559 1516 operatus
2607 1434 2705 1497 est

349 1542 698 1607 nobiscum.
791 1540 1116 1606 Liberavit
1161 1559 1274 1605 nos
1321 1539 1630 1604 Dominus
1680 1538 1756 1603 (13
1800 1540 2095 1603 manibus
2141 1538 2545 1603 inimicorum
2590 1558 2705 1604 no-

349 1650 626 1712 strorum
672 1648 737 1711 31
781 1667 906 1712 303
951 1646 1135 1711 modo
1183 1646 1479 1712 liberavit
1523 1665 1656 1728 nos,
1708 1645 1817 1711 sed
1863 1646 2056 1710 etiam
2102 1645 2287 1711 eiecit
2331 1645 2541 1711 hostes
2589 1664 2705 1710 no-

349 1755 532 1818 stros.
624 1753 984 1818 Turmatim
1046 1752 1217 1817 enim
1278 1752 1550 1817 effluunt
1616 1754 1852 1817 terrore
1918 1751 2197 1835 percussi
2275 1752 2483 1817 nescio
2554 1771 2696 1834 quo.

347 1859 659 1924 Dominus
725 1859 1106 1924 testificatus
1150 1860 1247 1924 est
1291 1857 1473 1923 nobis
1543 1877 1657 1941 per
1701 1857 2035 1941 prophetas
2106 1877 2250 1922 suos
2315 1856 2464 1938 1013,
2517 1858 2588 1922 31
2633 1857 2703 1922 13

345 1965 468 2030 hac
515 1966 773 2030 civitate
817 1967 1278 2047 congregentur
1324 1964 1528 2029 sancti
1549 1965 1574 2003 ²
1615 1963 1753 2029 Dei.
1834 1962 1980 2027 Ideo
2027 1962 2374 2046 iusserunt,
2425 1965 2500 2027 31
2545 1963 2701 2028 3011-

348 2073 561 2137 berem
591 2072 732 2154 tibi,
785 2074 857 2136 ut
901 2071 1121 2136 iubeas
1169 2070 1394 2135 fratres
1443 2089 1656 2135 0111333
1702 2069 1828 2133 1130
1874 2088 2204 2152 properare
2252 2072 2332 2150 31,
2384 2088 2543 2152 (1333
2588 2069 2701 2134 113-

347 2179 505 2243 bent
535 2179 604 2242 in
636 2179 955 2262 prompta,
991 2179 1067 2242 31
1097 2176 1448 2261 pecuniam,
1484 2195 1713 2241 aurum
1743 2178 1808 2240 et
1837 2177 2188 2258 argentum,
2225 2194 2436 2240 secum
2475 2174 2701 2257 ferant,

347 2284 594 2368 reliqua
659 2283 1035 2367 permittant
1103 2282 1440 2364 3010111133,
1512 2285 1590 2378 ut
1628 2283 1801 2366 ipsae
1847 2281 2187 2364 disponant
2230 2284 2295 2346 et
2341 2283 2699 2365 sequantur.

347 2390 475 2455 Vos
538 2388 878 2472 diligenter
932 2388 1168 2470 videte,
1241 2389 1316 2451 31
1361 2388 1664 2470 3111111313
1707 2386 1827 2452 1)31
1896 2387 2249 2470 sequamini
2295 2390 2357 2452 et
2418 2387 2585 2451 nihil
2631 2406 2704 2452 ex

349 2514 534 2561 carne
583 2495 897 2561 statuatis.
980 2496 1199 2560 Frater
1242 2494 1365 2560 iste
1410 2494 1596 2578 plura
1643 2512 1853 2559 coram
1897 2493 2075 2558 vobis
2100 2496 2403 2579 exponet.
2484 2494 2705 2560 Valete

347 2602 415 2667 in
463 2602 733 2668 Domino
753 2604 810 2666 !“

563 2709 681 2773 His
712 2708 806 2774 ita
852 2728 962 2791 per
992 2708 1124 2773 vim
1154 2708 1386 2773 exactis
1406 2708 1449 2789 ³,
1501 2726 1648 2771 cum
1677 2706 1805 2772 iam
1852 2705 1970 2772 soli
2000 2707 2177 2772 urbis
2225 2707 2488 2790 imperio
2534 2707 2702 2791 poti-

348 2816 589 2895 rentur,
624 2814 1061 2897 religiosorum
1092 2814 1517 2879 habitationes
1549 2813 1719 2878 inter
1750 2812 2017 2878 advenas
2051 2812 2467 2878 distribuunt.
2514 2813 2702 2880 Coos-

347 2920 644 2985 feldianis
690 2919 914 2986 domus
961 2920 1484 3003 Georgianorum,
1548 2918 2000 2984 Leodiensibus
2066 2919 2336 2984 fratrum
2381 2919 2703 2984 Fontissa-

568 3131 610 3200 ¹)
646 3132 769 3186 Nur
804 3131 972 3186 durch
999 3132 1180 3186 Κ3133.
1208 3130 1538 3186 1111311131311.
1599 3131 1780 3184 Ueber
1804 3129 2157 3199 Slachtscaef,
2196 3130 2292 3184 der
2327 3129 2424 3184 der
2458 3130 2571 3184 ihm
2608 3147 2704 3200 ge-

347 3220 632 3275 wordenen
667 3220 1081 3291 Aufforderung,
1120 3221 1260 3275 nach
1296 3220 1543 3274 Miinster
1579 3235 1647 3272 zu
1682 3220 1948 3288 kommen,
1987 3218 2112 3273 sehr
2145 3218 2275 3273 bald
2311 3218 2481 3288 Folge
2516 3218 2704 3273 leistet

350 3308 544 3379 (vergl.
581 3309 650 3364 H.
690 3308 1023 3363 Gresbeck
1062 3309 1116 3364 S.
1154 3308 1344 3377 2511),
1389 3325 1430 3363 3.
1468 3307 1760 3361 besonders
1799 3307 1858 3362 C.
1893 3307 1958 3362 A.
1998 3306 2369 3362 Cornelius:
2409 3306 2482 3360 M.
2520 3306 2584 3361 A.
2622 3305 2702 3362 Π.

350 3396 408 3451 S.
444 3397 550 3451 348
570 3397 644 3463 ff„
698 3398 754 3452 J.
791 3397 1090 3452 Habets:
1147 3398 1230 3451 De
1275 3396 1652 3466 wederdoeper
1696 3399 1754 3450 to
1791 3396 2117 3450 Maastricht
2175 3394 2501 3464 (Roermond
2541 3394 2701 3463 1878)

348 3485 403 3539 S.
425 3486 600 3540 216ff.
627 3485 739 3539 und
764 3485 830 3539 Κ.
855 3485 1188 3539 Rembcrt:
1215 3485 1320 3539 Die
1340 3484 1740 3539 Wiedertaufer
1762 3486 1836 3538 im
1861 3484 2195 3554 Herzogtum
2220 3482 2406 3538 Jiilich
2431 3484 2705 3554 (Miinster

347 3572 513 3640 1893)
553 3572 606 3627 S.
649 3573 715 3627 13
733 3574 791 3628 ff.

529 3659 573 3728 ²)
615 3661 751 3727 „Die
774 3661 1173 3732 predicanten,“
1203 3678 1263 3715 30
1287 3661 1526 3715 bekennt
1549 3661 1584 3715 J
1587 3660 1727 3714 akob
1752 3678 1856 3714 von
1882 3660 2198 3714 Osnabriick
2234 3660 2297 3729 (3.
2324 3659 2376 3715 J.
2401 3661 2701 3714 Niesertt

345 3748 498 3804 U.-S.
536 3748 584 3802 Ι.
624 3748 679 3805 S.
720 3750 863 3817 157),
924 3750 1127 3815 „haven
1164 3751 1271 3803 ime
1308 3751 1365 3803 in
1403 3766 1573 3820 synen
1609 3749 1805 3803 mundt
1858 3749 2103 3819 gelacht,
2144 3789 2190 3803 ..
2214 3789 2227 3802 .
2265 3748 2432 3803 allein
2484 3750 2702 3819 bynnen

345 3837 598 3891 Munster
632 3838 772 3892 30113
809 3837 916 3892 frid
947 3838 1060 3892 und
1085 3837 1381 3893 sicherheit
1415 3839 1559 3904 sein3
1599 3837 1697 3891 das
1724 3839 1803 3891 sie
1840 3837 1928 3891 die
1953 3840 2068 3891 stat
2102 3837 2197 3893 des
2220 3838 2370 3892 Hern
2406 3837 2517 3891 und
2548 3854 2704 3892 nuwe

346 3924 718 3995 Hierusalem,
774 3926 845 3980 da
881 3927 1015 3980 30113
1052 3926 1119 3980 (13
1155 3926 1297 3981 Herr
1333 3927 1421 3981 die
1459 3943 1590 3997 syne
1630 3925 1893 3993 erhalten,
1930 3912 2047 3979 und
2080 3926 2187 3980 alle
2226 3926 2437 3996 genuch
2473 3925 2700 3981 haven.“

343 4012 474 4083 vgl.
513 4013 654 4068 auch
690 4015 788 4070 das
814 4015 1142 4070 Gestandnis
1180 4016 1275 4070 des
1311 4015 1435 4070 Joh.
1462 4014 1705 4085 Klopriss
1739 4014 1831 4068 bei
1867 4013 1920 4069 J.
1957 4013 2235 4068 Niesert
2271 4014 2457 4069 a.a.O.
2496 4013 2549 4069 S.
2578 4014 2699 4068 115.

564 4101 609 4171 ⁸)
644 4103 758 4157 Der
792 4102 1021 4158 Bischof
1057 4103 1297 4158 schreibt
1333 4121 1422 4157 am
1464 4105 1508 4156 1.
1545 4103 1697 4156 Marz
1735 4118 1834 4156 aus
1871 4101 2067 4173 Telgte
2106 4120 2175 4156 an
2213 4102 2317 4156 den
2354 4102 2702 4173 Landgrafen

348 4188 525 4260 (Orig.
550 4191 628 4244 im
653 4190 824 4247 St-A.
849 4192 1153 4263 Marburg),
1195 4192 1326 4260 „das
1353 4191 1461 4247 alle
1487 4191 1685 4246 andere
1712 4191 1980 4246 einwoner
2015 4192 2121 4245 bei
2158 4190 2375 4246 etlich
2412 4195 2559 4246 taus
2571 4195 2701 4259 ent,

347 4295 407 4333 30
443 4278 553 4333 1131·
590 4280 957 4349 conspiration
993 4278 1106 4334 und
1141 4279 1253 4335 lere
1305 4279 1463 4334 nicht
1496 4278 1676 4333 haben
1722 4278 2014 4349 gewertich
2052 4281 2169 4334 sein
2202 4279 2445 4348 wollen,“
2487 4280 2703 4351 veijagt

345 4367 562 4421 worden
598 4369 764 4424 30103.
