3259 5075
1144 296 1326 362 Anno
1380 298 1549 361 1534
1594 297 1750 361 acta.
2489 299 2609 361 751

276 476 366 554 ut,
416 493 560 538 cum
597 473 879 538 omnium
911 473 1377 556 provinciarum
1409 473 1730 556 totiusque
1776 473 2025 555 imperii
2055 473 2320 538 Romani
2363 474 2615 538 intersit

276 581 395 645 hoc
428 580 818 661 seditiosum,
870 580 1141 662 impium
1180 583 1241 644 et
1287 579 1627 644 nefandum
1675 579 1964 658 schisma,
2014 578 2180 661 quod
2224 578 2351 642 iam
2380 578 2612 642 multas

277 687 555 770 regiones
603 687 836 751 invasit
869 690 1056 770 atque
1087 688 1155 751 in
1188 686 1328 750 aliis
1361 686 1562 750 latens
1609 686 2067 750 incrementum
2099 685 2384 767 sumpsit,
2420 684 2614 749 deleri

276 795 338 857 et
385 794 701 876 extirpari,
747 794 1065 858 communi
1097 794 1366 877 quodam
1410 793 1876 876 provinciarum
1907 793 1971 856 et
2000 791 2252 873 imperii
2296 793 2436 855 tum
2468 811 2612 856 con·

276 899 418 963 silio
488 901 628 963 tum
687 899 919 964 auxilio
967 899 1042 964 de
1089 919 1158 964 eo
1207 899 1654 982 supprimendo
1724 900 1950 982 agatur
1994 901 2056 963 et
2102 898 2329 981 quibus
2398 899 2611 981 poenis

276 1005 627 1071 detentores
660 1006 836 1071 urbis
884 1007 1395 1071 Monasteriensis
1441 1025 1513 1070 ea
1543 1008 1729 1087 capta
1774 1005 2133 1070 afficiantur
2151 1008 2191 1069 ¹.
2241 1006 2376 1069 Hoc
2422 1007 2611 1070 etiam

272 1112 490 1176 eodem
534 1112 637 1176 die
678 1113 754 1177 de
787 1113 1117 1178 collatione
1165 1114 1554 1194 superiorum
1603 1116 1973 1196 sumptuum
2018 1113 2215 1177 trium
2260 1112 2611 1195 provincia-

273 1236 417 1282 rum
450 1220 930 1301 consultabitur,
965 1224 1056 1302 ut,
1091 1221 1259 1305 quod
1290 1221 1364 1285 ad
1400 1239 1612 1286 omnes
1647 1221 1990 1303 aequaliter
2021 1222 2279 1303 spectat,
2329 1219 2611 1283 omnium

271 1324 638 1408 aequalibus
687 1323 1025 1408 *impensis
1072 1327 1443 1392 conficiatur
1461 1329 1501 1392 ⁹.

484 1432 704 1496 Trium
734 1433 1201 1515 provinciarum
1231 1433 1545 1516 principes
1578 1451 1649 1496 ac
1682 1434 1884 1497 status
1931 1432 2036 1495 hic
2067 1431 2194 1495 iam
2233 1436 2606 1514 praesenteS,

272 1537 520 1602 etiamsi
591 1539 946 1621 specialiter
991 1540 1065 1604 ad
1113 1540 1330 1604 futura
1373 1539 1866 1604 Wormaciensia
1933 1539 2188 1603 comitia
2247 1558 2370 1603 non
2431 1558 2607 1604 revo-

271 1650 510 1726 centur,
558 1648 769 1710 tamen
815 1646 939 1729 ipsi
985 1645 1083 1710 vel
1129 1644 1322 1728 legati
1368 1646 1649 1728 ipsorum
1696 1665 1839 1709 cum
1884 1645 2069 1727 plena
2113 1645 2486 1710 auctoritate
2534 1644 2607 1709 de

272 1750 551 1815 utilitate
596 1752 851 1834 publica
896 1752 1100 1816 acturi
1145 1752 1460 1816 communi
1508 1751 1799 1815 ordinum
1846 1769 2150 1816 consensu
2198 1770 2268 1815 ac
2313 1751 2605 1815 mandato

271 1856 483 1921 adesse
548 1858 868 1924 iubentur.
962 1858 1262 1937 Quamvis
1325 1859 1520 1922 trium
1582 1856 2049 1941 provinciarum
2094 1857 2351 1941 quidam
2409 1876 2606 1941 neque

269 1982 448 2028 suam
494 1984 694 2048 neque
740 1966 1089 2048 legatorum
1135 1984 1393 2030 suorum
1438 1965 1683 2047 copiam
1728 1964 1990 2029 fecerint
2032 1983 2232 2048 neque
2278 1983 2341 2028 se
2373 1964 2448 2028 de
2495 1965 2605 2028 ab·

269 2069 473 2134 sentia
519 2089 631 2135 sua
674 2072 1101 2154 purgaverint,
1174 2072 1439 2136 decretis
1509 2075 1720 2135 tamen
1767 2071 1991 2135 horum
2037 2071 2435 2135 comitiorum
2481 2090 2605 2135 non

268 2176 499 2258 minuS,
549 2196 738 2261 quam
781 2181 1136 2261 praesentes
1184 2180 1496 2261 parebunt
1513 2180 1554 2242 ³.
1621 2178 1688 2242 Si
1735 2177 1875 2260 quis
1923 2197 2100 2242 suam
2147 2177 2381 2242 decreti
2425 2197 2603 2260 prae-

271 2283 419 2347 sidii
463 2286 707 2366 partem
753 2286 1030 2350 exolvere
1078 2285 1538 2365 detractaverit,
1599 2284 1897 2348 adversus
1943 2283 2114 2347 hunc
2159 2286 2459 2367 tanquam
2504 2284 2603 2347 in-

268 2389 660 2454 obedientem
708 2392 897 2456 fiscus
943 2391 1196 2474 imperii
1242 2411 1314 2455 ex
1359 2389 1564 2454 officio
1613 2409 1725 2454 sno
1771 2390 1908 2454 iure
1953 2390 2306 2472 experietur
2322 2393 2365 2455 ⁴.

480 2497 639 2563 Cum
685 2500 896 2563 autem
941 2517 1107 2563 nunc
1153 2517 1443 2583 praesens
1492 2497 1583 2563 rei
1629 2497 1963 2563 necessitas
2027 2498 2304 2564 subitam
2347 2498 2602 2582 provin-

269 2603 509 2668 ciarum
555 2624 737 2687 opem
800 2606 960 2670 serio
1006 2606 1327 2688 deposcat,
1379 2626 1455 2671 ne
1500 2606 1682 2669 miles
1730 2605 1992 2670 desertis
2039 2605 2261 2670 castris
2331 2605 2598 2688 diffluat,

153 2795 163 2806 .
266 2729 411 2774 cum
455 2711 681 2795 legatis
728 2712 1068 2776 electorum
1115 2715 1179 2776 et
1220 2712 1586 2794 principum
1651 2710 2067 2792 ColoniensiS,
2139 2711 2422 2792 SaxoniS,
2470 2711 2600 2778 Cli-

267 2817 492 2898 vensiS,
542 2818 748 2900 Hassi,
795 2818 1159 2883 Leodiensis
1196 2838 1265 2883 ac
1298 2818 1808 2883 Monasteriensis
1854 2820 2065 2882 actum
2097 2819 2210 2899 est,
2260 2821 2335 2883 ut
2365 2818 2602 2901 singuli

264 2923 582 3006 principes
628 2924 754 2988 tria
782 2925 987 2989 millia
1032 2926 1407 2989 florenorum
1438 2924 1737 2989 continuo
1784 2924 2104 2989 conferant
2134 2927 2198 2989 et
2232 2925 2598 3007 expendant.

266 3028 654 3095 Coloniensis
684 3051 828 3097 vero
877 3033 1129 3096 senatus
1176 3050 1320 3096 cum
1360 3031 1440 3096 ad
1470 3031 1587 3095 hoc
1620 3050 1746 3095 non
1790 3030 1990 3113 possit
2034 3031 2278 3114 adduci,
2328 3033 2402 3096 ut
2433 3032 2603 3097 idem

480 3244 520 3308 ¹)
557 3243 729 3312 Kopie
779 3243 873 3297 des
907 3243 1226 3297 Schreibens
1282 3244 1377 3297 der
1410 3244 1468 3297 in
1506 3242 1739 3297 Coblenz
1793 3243 2202 3297 versammelten
2256 3245 2602 3300 Botschafter

264 3331 375 3384 und
411 3332 549 3386 Rata
587 3350 707 3386 vom
743 3334 829 3387 31.
866 3333 996 3386 Dez.
1039 3333 1176 3386 1534
1232 3332 1340 3386 und
1379 3333 1472 3386 des
1511 3331 1829 3386 Schreibens
1866 3332 1959 3387 des
1995 3332 2243 3387 Bischofs
2297 3350 2395 3388 aus
2431 3334 2602 3405 Iburg

262 3437 383 3474 vom
426 3426 471 3473 1.
500 3420 624 3475 Jan.
668 3422 802 3475 1535
840 3439 908 3476 an
947 3422 1050 3475 den
1087 3421 1411 3476 Romischen
1447 3421 1629 3491 Konig
1665 3420 1970 3475 Ferdinand
2008 3423 2081 3475 im
2120 3422 2289 3477 St.-A.
2314 3423 2389 3478 M.
2450 3424 2598 3494 Orig.

263 3508 360 3562 der
397 3509 819 3563 zustimmenden
857 3511 1103 3564 Antwort
1158 3510 1251 3563 des
1288 3510 1496 3579 Konigs
1531 3509 1840 3563 Ferdinand
1878 3527 1945 3563 an
1983 3510 2085 3564 den
2122 3510 2349 3565 Bischof
2390 3530 2511 3567 vom
2548 3514 2598 3569 5.

261 3597 502 3651 Februar
538 3597 786 3652 ebendas.

475 3685 519 3753 2)
556 3685 642 3739 Im
665 3686 964 3741 Abschiede
1001 3688 1075 3741 ist
1111 3687 1228 3742 hier
1250 3689 1436 3741 weiter
1459 3688 1754 3755 bestimmt,
1794 3688 1911 3743 dass
1953 3690 2058 3756 „im
2082 3687 2177 3757 fal,
2215 3688 2310 3743 das
2336 3690 2393 3743 in
2418 3688 2601 3744 mitler

262 3774 371 3828 zeit
407 3774 494 3828 die
531 3778 643 3828 stat
667 3775 911 3829 Monster
948 3776 1175 3843 erobert,
1215 3775 1423 3830 dieweil
1460 3776 1577 3830 sich
1607 3776 1715 3830 dan
1753 3776 1840 3830 die
1866 3781 1982 3831 sect
2016 3777 2239 3832 weither
2274 3779 2600 3849 ausgebreyt

259 3862 406 3930 hat,“
446 3864 714 3918 trotzdem
751 3865 839 3918 die
874 3865 1223 3935 Beratungen
1262 3883 1326 3919 zu
1367 3865 1575 3920 Worms
1613 3866 1764 3921 Statt
1800 3867 1981 3921 finden
2021 3867 2208 3923 sollen.

475 3951 520 4022 ³)
557 3951 641 4006 Im
665 3953 990 4008 Abschiede:
1034 3993 1080 4021 „.
1103 3993 1150 4009 ..
1179 3955 1260 4008 sol
1286 3956 1411 4008 inen
1439 3954 1614 4009 dieser
1640 3955 1922 4010 abechiedt
1957 3957 2059 4010 mit
2083 3957 2345 4025 antzeige,
2383 3957 2482 4011 wie
2509 3958 2597 4011 ein

251 4039 410 4109 jeder
433 4041 490 4094 in
515 4042 610 4095 der
633 4041 857 4112 ylender
879 4042 1007 4096 hilff
1034 4043 1448 4113 angeschlagen,
1486 4043 1849 4114 zugeschickt,
1874 4044 1987 4098 und
2012 4061 2078 4098 zu
2103 4044 2223 4099 dem
2249 4048 2596 4115 angesetzten

257 4132 359 4199 tag
394 4128 556 4199 ghein
596 4131 841 4186 Wormbs
880 4174 893 4187 .
917 4172 929 4184 .
951 4171 964 4184 .
1003 4131 1268 4187 abermals
1305 4133 1655 4187 beschrieben
1691 4133 1803 4187 und
1841 4133 2105 4188 erfordert
2139 4133 2350 4189 werden
2387 4174 2401 4188 .
2420 4174 2433 4187 .
2456 4135 2503 4189 .“

474 4218 518 4280 ⁴)
557 4220 668 4274 Der
702 4220 973 4275 Abschied
1025 4220 1125 4275 hat
1161 4221 1263 4275 den
1302 4221 1520 4276 Zusatz:
1582 4222 1685 4288 „Es
1723 4222 1803 4276 sol
1859 4222 1998 4276 auch
2035 4222 2130 4277 der
2165 4223 2442 4294 anschlag,
2495 4225 2594 4278 wie

257 4306 355 4361 der
377 4308 486 4361 itzo
525 4324 590 4361 zu
617 4308 712 4362 der
743 4308 967 4379 ylender
1002 4309 1128 4363 hilff
1159 4309 1361 4380 gestelt
1383 4308 1614 4379 worden,
1652 4311 1896 4365 niemant
1931 4327 2002 4365 an
2026 4311 2203 4366 seiner
2235 4313 2595 4382 protestation

257 4396 354 4451 der
387 4397 686 4468 ringerung
719 4397 910 4453 halber
952 4439 965 4452 .
986 4438 999 4452 .
1021 4436 1035 4453 .
1072 4398 1420 4470 kfinfftiglich
1457 4416 1523 4453 zu
1560 4399 1802 4454 nachteil
1838 4399 2072 4471 reychen
2109 4399 2238 4455 oder
2274 4401 2590 4473 gelangen.“

2636 1345 2665 1374 ¹*
2682 1364 2733 1417 p.
2770 1346 2892 1402 574.
3010 1354 3016 1361 '
