3259 5075
296 2091 329 2123 ‘⁸
344 2110 399 2163 p.
434 2089 557 2148 482.

575 197 707 261 570
1436 196 1621 262 Anno
1677 199 1847 262 1534
1893 200 2047 263 acta.

575 374 748 437 vates
780 392 926 437 oum
958 392 1069 438 suo
1117 372 1417 438 vaticinio
1463 375 1527 438 et
1573 392 1727 457 quos
1777 393 1987 438 secum
2027 371 2325 439 eduxerat
2369 376 2641 458 exeeptis
2686 374 2929 461 paucis,

577 478 688 562 qui
733 479 886 562 fuga
932 480 1273 561 evaserant,
1324 479 1636 545 extinctus
1686 483 1782 545 est
1799 482 1840 545 ¹.

796 586 964 650 Huic
996 586 1299 651 successit
1341 575 1611 652 Joannes
1643 587 1954 651 Bokelson
1982 586 2335 670 Leydanus,
2385 588 2497 671 qui
2529 587 2750 652 maiori
2781 589 2933 651 astu

575 711 711 756 rem
756 712 1002 757 omnem
1070 693 1314 776 peregit
1380 692 1881 776 prudentiusque
1928 693 2179 777 negotia
2244 713 2359 758 sua
2403 694 2704 758 conficere
2748 692 2935 756 visus

577 801 688 863 est.
763 799 905 880 Hic,
955 818 1099 862 cum
1167 799 1345 881 plebs
1392 799 1878 864 Matthissonem
1923 801 2001 864 ab
2048 799 2338 864 hostibus
2407 799 2655 864 miseris
2720 798 2935 864 modis

576 907 978 988 peremptum
1024 908 1087 971 et
1132 906 1521 989 discerptum
1578 906 1825 989 lugeret
1871 908 1934 971 et
1980 905 2056 970 de
2101 906 2335 989 pietate
2380 905 2504 970 viri
2550 906 2726 971 illius
2775 906 2930 970 sub-

578 1012 926 1093 dubitaret‚
998 1032 1183 1095 quem
1247 1013 1419 1077 Deus
1479 1012 1572 1076 ita
1631 1012 1700 1075 in
1766 1011 2049 1094 periculo
2121 1011 2486 1076 destituerit
2529 1012 2595 1075 et
2653 1009 2933 1075 interfici

578 1138 799 1201 passus
832 1119 1026 1185 fuerit
1046 1120 1087 1200 ²,
1128 1119 1487 1184 consolatur
1530 1119 1840 1201 populum
1871 1120 1934 1182 et
1965 1118 2275 1199 admonet,
2310 1120 2384 1183 ut
2415 1118 2633 1182 mirari
2679 1117 2937 1181 desinat

577 1226 766 1290 illum
812 1246 881 1290 eo
927 1245 1149 1308 genere
1212 1225 1435 1290 mortis
1505 1225 1858 1306 sublatum3
1932 1225 2100 1289 iusto
2148 1225 2318 1289 enim
2363 1224 2525 1288 illud
2570 1224 2780 1288 Patris
2824 1223 2928 1286 iu-

579 1332 742 1397 dicio
790 1333 1031 1397 factum
1077 1352 1227 1397 esse.
1321 1331 1576 1396 Patrem
1622 1331 1878 1414 quidem
1924 1332 2200 1414 iussisse,
2253 1333 2325 1396 ut
2371 1349 2516 1395 oum
2584 1348 2933 1412 paucorum

580 1458 771 1504 manu
817 1439 1100 1503 omnium
1168 1437 1449 1503 hostium
1507 1438 1758 1520 agmina
1818 1439 2102 1521 abigeret
2146 1441 2210 1503 et
2254 1437 2618 1502 admirabili
2663 1436 2937 1501 victoria

579 1545 911 1628 potiretur,
962 1545 1129 1627 quod
1160 1546 1328 1608 certo
1361 1544 1617 1627 quidem
1663 1544 1980 1608 facturum
2012 1545 2258 1625 fuisset,
2309 1544 2365 1609 si
2396 1563 2534 1608 eam
2578 1542 2930 1626 potentiam

582 1651 698 1717 soli
744 1652 894 1731 De0,
967 1670 1090 1715 non
1139 1651 1270 1715 suis
1318 1650 1558 1715 viribus
1630 1652 1989 1732 tribuisset,
2062 1652 2118 1715 si
2163 1652 2358 1716 solius
2404 1650 2524 1715 Dei
2568 1650 2821 1715 laudem
2866 1651 2937 1713 et

581 1757 847 1841 gloriam
915 1757 1352 1839 quaesivisset,
1402 1757 1458 1821 si
1506 1757 1787 1839 exemplo
1847 1756 2072 1821 Iudith
2138 1758 2446 1840 populum
2493 1757 2573 1822 ad
2617 1755 2928 1821 ieiunium

580 1866 645 1928 et
691 1863 1192 1945 deprecationem
1238 1863 1705 1943 extimulasset3
1755 1864 1866 1928 ubi
1897 1882 2041 1928 vero
2074 1864 2283 1928 omnia
2328 1864 2452 1929 ista
2491 1862 2834 1946 neglexerit
2866 1864 2937 1926 et

583 1969 941 2053 arrogantia
985 1971 1336 2035 concitatus
1384 1970 1521 2035 sui*
1564 1969 1832 2052 gloriam
1890 1970 2142 2034 inanem
2189 1970 2383 2034 stulte
2427 1971 2691 2034 venatus
2737 1967 2938 2032 fuerit

585 2096 804 2159 neque,
854 2095 890 2139 a
937 2095 1059 2159 quo
1104 2077 1373 2142 victoria
1437 2077 1564 2141 ista
1608 2077 1933 2159 penderet,
2006 2074 2388 2158 agno*verit,
2458 2075 2672 2156 ipsum
2717 2094 2754 2138 a
2797 2075 2931 2138 Deo

583 2183 881 2265 punitum
928 2202 1059 2247 esse
1079 2185 1122 2248 ³.
1204 2183 1341 2247 Sibi
1386 2183 1504 2248 1100
1549 2183 1773 2247 mortis
1821 2202 2018 2265 genus
2066 2184 2210 2247 ante
2257 2181 2585 2246 octiduum
2631 2200 2742 2263 per
2788 2180 2935 2262 Spi-

583 2288 781 2353 ritum
828 2307 864 2352 a
908 2287 1094 2353 Patre
1140 2307 1274 2352 esse
1320 2289 1646 2371 proditum
1701 2289 1977 2353 affirmat
1992 2290 2036 2353 4.
2133 2288 2294 2354 Cum
2340 2289 2507 2352 enim
2555 2288 2621 2352 in
2668 2286 2935 2351 aedibus

581 2393 1139 2478 Knipperdollingi
1185 2394 1253 2458 in
1283 2395 1542 2459 thorum
1575 2395 1966 2460 dormiturus
2001 2415 2131 2473 sese
2163 2395 2562 2477 componeret
2605 2394 2939 2477 legemque

797 2569 845 2638 ⁸)
884 2570 1023 2624 MS„-
1059 2572 1122 2624 si.

800 2766 840 2834 ¹)
878 2765 1012 2819 Fast
1046 2765 1292 2819 wortlich
1328 2765 1469 2819 nach
1507 2765 1576 2820 H.
1613 2766 1795 2836 Dorp
1833 2784 1883 2820 a.
1911 2784 1958 2819 a.
1989 2767 2051 2821 Ο.

798 2852 841 2920 ²)
879 2854 992 2908 Das
1016 2853 1158 2909 Volk
1183 2858 1356 2923 sagte‚
1394 2854 1665 2908 berichtet
1700 2855 1769 2908 H.
1795 2855 1980 2924 Dorp
2019 2872 2067 2908 a.
2088 2870 2139 2907 a.
2163 2854 2249 2908 O.:
2295 2854 2397 2921 „So
2425 2853 2560 2907 Gott
2596 2852 2782 2906 diesen
2818 2851 2940 2905 hei·

583 2943 733 3012 ligen
769 2960 894 2997 man
933 2944 1218 3012 gestraffet
1253 2943 1368 3011 hat,
1406 2944 1506 2997 ists
1546 2944 1727 3012 gewis,
1767 2943 1863 2996 das
1890 2961 1948 2997 er
1983 2960 2084 2997 uns
2122 2943 2263 2997 auch
2301 2942 2524 2997 straffen
2549 2941 2656 3009 wil,
2695 2941 2837 2995 denn
2876 2957 2940 2994 es

585 3032 766 3085 stehet
802 3032 1176 3101 gesohriebon:
1218 3031 1313 3085 das
1352 3031 1566 3101 gericht
1603 3031 1797 3085 Gottes
1834 3031 1965 3085 heht
2003 3048 2091 3085 am
2127 3032 2265 3086 haus
2304 3030 2497 3085 Gottes
2536 3031 2654 3084 an.“

799 3120 843 3187 ³)
885 3119 1155 3173 Wahrend
1191 3119 1259 3172 H.
1296 3120 1484 3188 Dorp
1520 3119 1731 3173 B1.E3
1767 3137 1871 3173 nur
1908 3137 2043 3190 ganz
2084 3121 2213 3174 kurz
2254 3124 2394 3190 sagt,
2433 3120 2553 3173 dass
2580 3117 2798 3173 Johann
2836 3117 2941 3171 das

584 3209 727 3263 Volk
763 3212 1007 3275 trostete,
1062 3207 1220 3277 legen
1259 3207 1328 3262 H.
1369 3207 1715 3261 Gresbeck
1766 3208 1818 3263 S.
1856 3209 1928 3261 40
1982 3209 2093 3262 und
2131 3209 2191 3263 L.
2232 3208 2661 3263 Hortensius
2711 3207 2764 3261 S.
2804 3207 2873 3259 24
2893 3206 2933 3260 f.

584 3297 700 3351 ihm
737 3297 875 3350 auch
900 3297 1290 3351 Trostesworte
1326 3298 1384 3350 in
1421 3296 1525 3350 (1011
1549 3297 1738 3363 Mund,
1778 3297 1865 3351 die
1892 3298 2021 3352 aber
2055 3299 2113 3351 in
2150 3298 2338 3352 keiner
2362 3298 2540 3351 Weise
2579 3298 2736 3351 einen
2762 3294 2935 3350 Tadel

586 3401 760 3455 gegen
797 3384 905 3438 Jan
930 3383 1178 3454 Matthys
1216 3384 1514 3438 enthalten.
1563 3385 1724 3452 „Sein
1750 3386 1855 3439 tiet
1878 3403 1986 3439 was
2024 3386 2381 3455 gekhomen;“
2425 3403 2484 3440 so
2510 3385 2643 3439 lasst
2678 3384 2746 3438 H.
2775 3383 2939 3438 Gree-

585 3473 722 3527 beck
757 3472 791 3526 J
796 3472 974 3527 ohann
1010 3473 1191 3539 reden,
1234 3473 1376 3539 „Got
1412 3490 1478 3528 en
1515 3474 1636 3527 hest
1672 3455 1771 3528 dat
1793 3474 1946 3528 nicht
1983 3475 2178 3529 sonder
2203 3475 2423 3530 orsacke
2460 3475 2675 3545 gedain,
2713 3474 2810 3528 dat
2845 3473 2939 3527 1101

588 3579 647 3617 so
686 3566 897 3616 sterven
935 3560 1102 3630 solde,
1141 3561 1238 3615 dat
1274 3580 1346 3632 gy
1385 3562 1540 3616 nicht
1576 3562 1672 3616 tho
1712 3564 1837 3617 sehr
1874 3581 1942 3617 an
1980 3565 2145 3618 innen
2184 3564 2372 3619 solden
2409 3564 2692 3635 geloeven,
2730 3562 2828 3616 dat
2862 3579 2936 3631 gy

585 3653 644 3705 in
680 3652 850 3705 boren
891 3648 1000 3703 Got
1036 3649 1223 3704 solden
1260 3649 1458 3704 holden
1498 3690 1546 3703 ..
1567 3652 1615 3702 .“

801 3738 846 3808 ⁴)
882 3738 1074 3793 Dieses
1130 3737 1242 3791 und
1280 3738 1376 3792 das
1412 3738 1690 3808 Folgende
1745 3740 1885 3793 nach
1923 3740 2026 3793 den
2066 3740 2492 3795 Gestandnissen
2529 3739 2790 3794 Johann's
2848 3738 2937 3791 bei

587 3828 640 3883 J.
677 3828 732 3882 N
743 3829 959 3883 iesert
997 3846 1045 3884 a.
1072 3846 1122 3883 a.
1149 3828 1213 3882 O.
1252 3828 1305 3882 S.
1353 3829 1449 3882 177
1470 3829 1509 3883 f.
1582 3829 1706 3899 vgl.
1748 3829 1887 3883 auch
1923 3830 2186 3884 Johann's
2225 3831 2505 3899 Aussagen
2550 3830 2624 3883 M.
2664 3828 2819 3892 G.-Q.
2857 3826 2941 3894 ΙΙ,

588 3916 774 3972 37111.
798 3917 922 3972 401.
962 3947 1028 3955 -
1064 3916 1219 3971 Auch
1258 3917 1344 3971 bei
1382 3917 1442 3972 L.
1481 3916 1912 3972 Hortensius
1950 3922 2077 3988 sagt
2110 3918 2329 3972 Johann
2368 3935 2415 3971 v.
2443 3917 2662 3984 Leiden,
2701 3934 2760 3971 er
2796 3915 2943 3969 habe

589 4006 693 4060 den
731 4005 848 4059 'rod
886 4005 979 4060 des
1015 4006 1261 4075 Matthys
1297 4004 1462 4075 lange
1499 4005 1692 4059 vorher
1728 4006 1974 4075 gewusst.
2052 4006 2275 4075 „Neque
2311 4022 2435 4059 vero
2472 4005 2632 4059 licuit
2665 4004 2938 4058 hominem

589 4094 689 4147 fati
731 4095 831 4163 sui,
887 4095 944 4147 in
982 4094 1126 4164 quod
1161 4094 1466 4147 inevitabili
1520 4095 1846 4148 necessitate
1901 4095 2231 4163 rapiebatur,
2286 4109 2651 4163 praemonere.
2724 4092 2814 4146 Sic
2851 4091 2937 4145 illi

589 4183 733 4236 enim
770 4184 943 4237 visum
982 4186 1080 4251 est,
1118 4184 1212 4253 qui
1247 4183 1390 4236 bona
1428 4186 1484 4236 et
1519 4183 1666 4237 mala
1705 4200 1734 4237 e
1771 4181 1931 4236 doliis
1969 4184 2080 4237 suis
2118 4200 2215 4253 pro
2254 4200 2350 4236 suo
2389 4183 2659 4235 arbitratu
2694 4180 2940 4234 mortali·

589 4270 690 4324 bus
728 4269 1054 4340 dispensat.“
1131 4270 1314 4341 Vergl.
1355 4271 1493 4325 auch
1529 4271 1597 4326 H.
1637 4272 1822 4340 Dorp
1861 4288 1910 4324 a.
1938 4270 2078 4324 (1.0.
