3259 5075
338 1902 439 1973 ‘p.
475 1902 597 1957 576.

381 2435 447 2476 14.
477 2430 510 2474 J
511 2442 593 2476 an.

632 333 759 396 754
1489 331 1672 395 Α11110
1727 331 1895 395 1535
1943 338 2099 396 0010.

628 506 924 572 ritianam
970 505 1263 571 veniendi
1324 505 1667 589 literasque
1713 507 1963 571 nomine
2009 506 2370 590 principum
2415 506 2669 589 imperii
2714 526 2786 571 ac
2831 526 2990 590 pro-

626 615 979 679 vinciarum
1039 614 1238 678 trium
1285 613 1363 677 ad
1409 614 1734 678 civitatem
1778 617 2060 678 nostram
2120 611 2442 679 adserendi
2488 612 2763 677 liberum
2807 633 2988 678 com-

626 724 906 785 meatum
952 720 1100 785 dare
1131 720 1421 784 velimus
1484 720 1583 784 Ad
1631 739 1789 804 quae
1833 720 2319 803 respondemus:
2367 739 2480 784 nos
2512 720 2824 784 neminem
2857 738 2986 784 un-

627 846 818 910 quam
862 845 898 890 a
944 825 1126 891 nobis
1172 826 1498 908 repulisse,
1564 824 1674 891 sed
1722 845 1967 908 semper
2011 826 2265 909 quosvis
2309 826 2582 890 libenter
2628 826 2981 908 admisisse,

626 936 703 998 ut
749 951 965 998 causas
1007 951 1169 1013 suas,
1220 932 1275 996 si
1307 950 1460 1014 quas
1504 931 1864 1013 habuerint,
1913 931 2244 996 nobiscum
2290 933 2506 1014 agant3
2556 950 2716 1014 quae
2760 931 2982 995 eadem

627 1038 1064 1104 benevolentia
1092 1037 1318 1102 merito
1351 1056 1388 1101 a
1417 1037 1651 1102 nostris
1700 1036 2073 1101 adversariis
2103 1037 2285 1102 nobis
2319 1056 2565 1121 quoque
2597 1037 2983 1120 expectanda

626 1147 808 1211 esset.
872 1143 1313 1210 Permittimus
1359 1144 1593 1227 itaque,
1644 1146 1719 1208 ut
1748 1143 2019 1207 nuncius
2062 1143 2174 1208 ille
2205 1144 2345 1208 tuto
2378 1144 2591 1208 nostro
2622 1146 2980 1207 commeatu

625 1251 827 1315 fretus
875 1249 954 1314 ad
999 1251 1247 1333 portam
1294 1249 1469 1314 urbis
1530 1251 1780 1314 nostrae
1838 1249 2292 1314 Mauritianam
2335 1249 2549 1314 veniat
2613 1248 2975 1333 literasque,

625 1375 782 1440 quas
829 1355 1039 1437 habet,
1087 1356 1301 1421 tradat
1344 1355 1666 1439 libereque
1710 1356 1977 1421 recedat.
2040 1355 2170 1420 Nos
2217 1355 2515 1419 similiter
2557 1354 2851 1438 petimuS,
2903 1357 2981 1420 ut

626 1464 691 1526 01
735 1463 947 1526 1103101
976 1461 1266 1541 1111ῃο1113,
1316 1480 1501 1544 quem
1533 1462 1606 1525 ad
1659 1460 1977 1545 principes
2025 1460 2328 1544 quosdam
2374 1461 2829 1545 ablegabimuS,
2879 1480 2979 1526 se-

625 1586 844 1632 curam
887 1586 926 1632 a
967 1566 1148 1631 vobis
1217 1566 1490 1631 abeundi
1556 1566 1982 1650 redeundique
2043 1567 2402 1631 libertatem
2462 1567 2711 1632 habeat.
2805 1564 2979 1644 Quid

624 1673 856 1739 horum
897 1673 1131 1738 facturi
1178 1672 1343 1753 sitis,
1390 1673 1753 1755 responderi
1799 1672 2110 1755 cupimus,
2189 1673 2424 1737 Datum
2471 1672 2589 1736 sub
2637 1673 2815 1755 signo
2863 1691 2980 1737 no-

626 1782 792 1844 strae
838 1779 1117 1844 civitatis
1163 1779 1264 1844 die
1309 1779 1609 1843 Mercurii
1655 1783 1799 1863 post
1841 1779 2064 1844 Trium
2109 1779 2354 1861 Regum
2400 1796 2560 1842 anno
2614 1779 2846 1843 1535ss

839 1884 1305 1950 *Tabellarium
1335 1886 1505 1951 hunc
1536 1886 1617 1950 ad
1648 1905 1713 1950 se
1744 1886 2010 1950 missum
2042 1886 2310 1968 benigne
2340 1884 2680 1967 excipiunt,
2715 1903 2977 1950 munere

625 1992 948 2075 decorant,
999 1991 1237 2075 scripta
1281 1991 1474 2055 allata
1517 1991 1743 2074 legunt
1788 1994 1853 2056 et
1896 1990 2202 2075 quaedam
2244 1991 2463 2074 inepta
2508 1989 2894 2055 alienissima
2940 2010 2981 2054 0

623 2097 945 2180 proposito
989 2098 1134 2162 viva
1164 2116 1312 2162 voce
1358 2096 1755 2179 respondent,
1806 2095 1915 2161 sed
1961 2096 2319 2161 accuratius
2350 2115 2421 2160 ac
2452 2096 2860 2161 deliberatius
2909 2116 2978 2161 30

624 2202 880 2286 scriptis
925 2223 1037 2285 per
1068 2222 1254 2267 suum
1286 2202 1590 2267 nuncium
1635 2220 2043 2284 responsuros
2077 2202 2411 2284 recipiunt.
2478 2201 2714 2267 Eodem
2759 2203 2978 2285 itaque

624 2309 744 2392 die,
793 2328 917 2392 quo
950 2308 1188 2390 scripta
1231 2308 1427 2372 allata
1455 2309 1726 2389 fuerant,
1776 2327 1999 2390 nempe
2039 2310 2134 2372 14.
2162 2308 2460 2390 Ianuarii,
2511 2309 2690 2373 brevi
2735 2308 2977 2373 delibe-

622 2415 865 2479 ratione
894 2414 1133 2495 habita,
1181 2412 1282 2478 uti
1325 2414 1705 2495 receperant,
1756 2413 2133 2496 respondent
2151 2417 2170 2451 ¹
2203 2432 2462 2497 eamque
2505 2414 2977 2496 responsionem

619 2519 1001 2604 Lantgravio
1047 2539 1160 2602 per
1192 2518 1513 2600 nuncium,
1562 2539 1677 2601 pro
1710 2538 1832 2601 quo
1880 2521 2295 2585 commeatum
2341 2519 2697 2602 petiverant
2741 2522 2805 2585 et
2849 2520 2974 2585 im-

620 2629 1034 2710 petraverant,
1083 2625 1531 2691 transmittunt
1551 2627 1592 2708 ²,
1626 2645 1817 2710 quam
1849 2626 1957 2691 ille
1988 2627 2348 2710 principum
2380 2627 2974 2710 provinciarumque

620 2734 846 2817 legatis
893 2734 1261 2815 remitteret,
1296 2750 1419 2816 qua
1451 2752 1515 2796 se
1546 2732 1831 2797 innoxios
1864 2732 2157 2815 omnique
2198 2733 2385 2816 culpa
2414 2752 2634 2798 vacare
2664 2736 2975 2798 conantur

621 2840 945 2905 ostendere
992 2858 1192 2924 neque
1240 2860 1303 2905 se
1349 2860 1630 2925 unquam
1675 2861 1820 2906 vero
1871 2860 1983 2906 suo
2015 2841 2420 2924 magistratui
2466 2841 2729 2906 rebelles
2775 2841 2973 2907 fuisse

621 2964 888 3029 eumque
933 2946 1089 3010 urbe
1134 2947 1482 3030 expulisse3
1532 2966 1597 3012 se
1628 2966 1775 3030 ergo
1820 2948 2069 3030 praeter
2099 2947 2419 3030 meritum,
2467 2950 2687 3013 contra
2729 2945 2831 3012 ius
2872 2947 2973 3011 di-

619 3051 843 3115 vinum
902 3051 1142 3135 pariter
1186 3054 1250 3117 01
1294 3052 1645 3117 humanum
1707 3053 2035 3136 tyrannico
2104 3071 2277 3118 more
2322 3072 2447 3118 non
2493 3052 2735 3118 indicto
2803 3052 2971 3119 bello

830 3351 872 3419 ι)
910 3350 1023 3406 Das
1061 3350 1355 3406 Schreiben
1411 3352 1488 3406 ist
1523 3368 1619 3406 aus
1658 3351 1781 3406 dem
1818 3352 2067 3423 Original
2108 3354 2185 3406 im
2221 3351 2394 3408 St.-A.
2430 3352 2756 3407 Diisseldorf
2806 3355 2969 3423 abge·

614 3437 811 3492 druckt
863 3441 921 3492 in
959 3438 1056 3494 der
1096 3440 1387 3506 „Zeitschr.
1427 3439 1520 3494 des
1556 3440 1893 3510 Bergischen
1930 3440 2491 3496 Geschichtsvercins“
2533 3441 2634 3495 Bd.
2673 3442 2744 3495 20
2789 3441 2969 3511 (Bonn

617 3526 779 3596 1885)
823 3527 877 3582 S.
915 3527 986 3580 34
1003 3526 1060 3583 ff.

831 3614 875 3684 ἓ)
910 3614 1036 3686 Vgl.
1076 3615 1214 3670 dazu
1252 3615 1355 3670 den
1392 3615 1773 3671 Briefwechsel
1830 3616 2092 3672 zwischen
2131 3616 2337 3670 Wirich
2373 3634 2423 3671 v.
2458 3615 2659 3670 Dhaun
2714 3617 2827 3671 und
2864 3616 2970 3672 den

614 3703 890 3759 Inhabern
926 3703 1023 3758 der
1057 3702 1219 3758 Stadt
1254 3704 1501 3759 Mi'mster
1537 3721 1625 3759 am
1665 3704 1748 3759 18.
1786 3704 1899 3758 und
1939 3706 2022 3760 19.
2060 3703 2269 3759 Januar
2307 3705 2404 3772 (M.
2431 3704 2588 3770 G.-Q.
2626 3703 2705 3774 H,
2742 3705 2849 3760 306
2868 3705 2967 3774 ffi),

613 3792 756 3848 nach
792 3792 915 3847 dem
952 3809 1009 3847 es
1057 3793 1183 3847 dem
1221 3792 1634 3847 Miinsterschen
1670 3793 1846 3847 Boten
1903 3809 2007 3847 nur
2042 3796 2311 3864 gestattet
2345 3792 2551 3862 wurde,
2606 3793 2970 3849 unbehindert

614 3882 716 3935 mit
754 3880 878 3936 dem
913 3882 1164 3936 obersten
1199 3880 1593 3936 Befehlshaber
1629 3880 1743 3935 und
1779 3881 1884 3935 den
1921 3882 2322 3951 zugeordneten
2357 3882 2711 3951 Kriegsraten
2749 3899 2817 3936 zu
2851 3899 2967 3936 ver-

614 3969 870 4027 bandeln.
924 3968 993 4025 In
1019 3972 1196 4025 einem
1217 3970 1401 4024 Briefe
1441 3970 1639 4041 (Kopie
1664 3970 1804 4025 ohne
1827 3970 2034 4025 Datum
2069 3972 2146 4024 im
2184 3970 2356 4026 St.-A.
2381 3970 2457 4026 M.
2493 3971 2568 4024 M.
2587 3970 2649 4026 L.
2668 3970 2735 4025 A.
2770 3970 2970 4035 518119

614 4057 681 4115 V.
718 4057 814 4114 fol.
854 4059 968 4128 74¹)
1028 4060 1175 4129 zeigt
1210 4058 1417 4113 Wirich
1453 4059 1662 4114 sodann
1698 4058 1794 4114 der
1830 4058 1993 4114 Stadt
2028 4076 2115 4129 an,
2159 4059 2280 4114 dass
2317 4075 2375 4114 er
2410 4058 2509 4114 das
2545 4058 2840 4114 Schreiben
2874 4060 2967 4115 be-

613 4146 824 4203 fordert
857 4148 1018 4205 habe.
1075 4148 1202 4219 Vgl.
1226 4147 1368 4202 auch
1403 4147 1657 4202 Wirich’s
1694 4147 1990 4204 Schreiben
2024 4165 2149 4203 vom
2184 4149 2270 4203 28.
2294 4148 2331 4202 J
2333 4164 2504 4202 0111101·
2540 4165 2611 4203 an
2647 4147 2752 4203 den
2787 4146 2966 4201 Land-

612 4237 806 4306 grafen
841 4235 1062 4308 Philipp
1102 4237 1199 4305 (M.
1236 4235 1395 4303 G.-Q.
1431 4235 1510 4307 ΙΙ,
1548 4236 1696 4304 308).
1735 4266 1804 4277 -
1839 4237 2024 4292 Κο133.
2060 4236 2205 4308 folgt
2238 4236 2359 4292 hier
2393 4236 2506 4291 und
2539 4238 2617 4291 im
2651 4235 2967 4307 Folgenden

610 4340 794 4394 genau
831 4324 929 4380 der
961 4323 1319 4396 Darstellung
1353 4324 1443 4380 bei
1478 4325 1626 4380 Ant.
1666 4324 1954 4380 Corvin:
1992 4326 2134 4381 Acta
2170 4329 2279 4383 etc.
2309 4324 2397 4381 Bl.
2429 4325 2610 4382 Baff.
