3259 5075
441 652 508 692 29.
539 650 673 703 Sept.

484 1926 529 1968 3.
558 1923 665 1968 Oet.

701 352 836 417 432
1566 307 1750 416 Anno
1808 350 1973 416 1533
2019 352 2175 416 acta.

916 529 1164 593 Interea
1211 528 1431 592 literae
1477 547 1514 592 a
1559 527 1848 611 principe
1892 527 1958 592 in
2006 528 2228 593 urbem
2285 527 2549 592 missae¹
2601 528 2736 610 ipso
2783 528 2883 593 die
2929 527 3077 592 Mi-

704 635 960 717 chaelis,
996 655 1153 719 quae
1185 634 1311 699 fuit
1343 635 1445 699 29.
1481 633 1892 718 Septembris,
1942 634 2011 699 in
2043 634 2314 718 singulis
2347 634 2650 716 paroeciis
2683 635 3068 716 recitantur,

701 742 934 824 quibus
980 742 1255 824 iubetur,
1302 743 1379 806 ut
1423 740 1697 806 duorum
1743 744 2296 823 sacramentorum,
2366 740 2670 823 baptismi
2713 743 2778 805 et
2822 741 3070 806 eucha-

700 848 944 930 ristiae,
1007 866 1162 913 usus
1207 848 1518 930 pristinus
1565 849 1947 929 reservetur3
2019 866 2218 930 neque
2264 847 2434 912 enim
2481 866 2547 912 33
2591 847 2791 912 11113111
2835 847 2901 912 111
2951 847 3069 912 his

700 956 920 1020 contra
963 954 1261 1020 ecclesiae
1306 954 1662 1019 doctrinam
1705 953 1868 1018 citra
1913 952 2140 1018 salutis
2187 952 2594 1036 dispendium
2638 953 3071 1018 mutationem

700 1060 1034 1125 admittere
1079 1079 1276 1143 posse.

912 1167 1057 1231 Huc
1088 1166 1330 1230 accedit
1361 1168 1615 1231 senatus
1648 1165 2018 1231 mandatum
2049 1166 2221 1231 idem
2250 1166 2494 1230 iubens,
2553 1164 2829 1229 Maxima
2859 1165 3065 1230 etiam

696 1291 844 1355 pars
906 1273 1142 1338 civium
1211 1272 1312 1337 1113
1361 1273 1724 1355 assentitur,
1790 1273 1845 1338 si
1892 1272 2308 1338 eucharistiae
2375 1271 2781 1355 participatio
2850 1271 3070 1356 (sicut

696 1379 990 1445 Christus
1035 1379 1349 1463 instituit)
1398 1381 1516 1445 sub
1565 1380 1812 1446 duabus
1873 1380 2198 1463 speciebus
2246 1378 2371 1444 sibi
2415 1398 2542 1443 non
2588 1381 2868 1462 negetur.
2941 1379 3062 1444 Se·

695 1487 884 1550 natus
930 1484 1145 1568 itaque
1192 1486 1353 1551 serio
1398 1486 1872 1551 Rothmannum
1910 1485 1989 1549 de
2033 1484 2547 1568 paedobaptismo
2594 1488 2659 1550 et
2702 1486 2845 1551 aliis
2892 1485 3062 1550 arti-

694 1591 857 1656 culis
903 1591 968 1656 in
1019 1592 1507 1658 controversiam
1569 1591 1797 1675 positis
1862 1608 2119 1673 prorsus
2166 1591 2350 1656 silere
2397 1592 2509 1655 aut
2554 1592 2711 1655 urbe
2757 1591 3063 1656 excedere

694 1697 894 1762 iubet.
987 1697 1218 1762 Utrum
1263 1696 1492 1762 horum
1554 1696 1838 1762 facturus
1886 1696 2000 1777 sit,
2073 1696 2307 1780 scripto
2355 1695 2479 1761 sibi
2526 1697 2889 1779 responderi
2934 1716 3062 1780 po-

697 1803 916 1869 stulat.
1007 1802 1110 1866 Ad
1155 1822 1314 1887 quae
1357 1802 1800 1868 Rothmannus
1848 1803 1939 1867 sic
1984 1802 2323 1886 respondet
2346 1803 2402 1868 ἐ

912 1909 1220 1991 „Tribuni
1263 1909 1467 1993 plebis
1499 1927 1571 1973 ac
1602 1908 2112 1974 mechanicorum
2150 1908 2441 1992 magistri
2458 1910 2485 1949 ⁸
2516 1909 2680 1974 mihi
2725 1909 3059 1993 significa-

691 2018 922 2081 verunt
964 2035 1065 2080 me
1119 2017 1197 2080 ab
1245 2015 1451 2080 officio
1496 2034 1637 2080 meo
1678 2034 1803 2080 nou
1848 2034 1982 2080 esse
2028 2015 2461 2097 amovendum,
2511 2035 2732 2080 verum
2778 2035 2923 2081 cum
2968 2017 3060 2081 de

691 2122 1205 2206 paedobaptismo
1253 2124 1318 2188 et
1362 2124 1751 2188 sacramento
1799 2122 2076 2205 corporis
2123 2123 2188 2185 et
2234 2121 2561 2204 sanguinis
2608 2121 2849 2188 Christi
2894 2142 3055 2188 con-

690 2228 1068 2293 flictationes
1130 2227 1261 2292 sint
1306 2229 1551 2293 exortae
1596 2228 1916 2311 variisque
1980 2227 2183 2292 modis
2229 2227 2356 2292 ista
2400 2231 2788 2294 sacramenta
2833 2229 3057 2311 exagi-

690 2336 926 2416 tentur,
973 2334 1043 2399 in
1087 2334 1358 2417 gratiam
1404 2334 1756 2399 communis
1801 2334 1975 2418 pacis
2006 2333 2169 2398 mihi
2214 2334 2283 2398 in
2313 2333 2719 2400 concionibus
2768 2333 3053 2417 publicis

690 2441 770 2504 ab
817 2440 960 2505 istis
1006 2440 1251 2506 duobus
1320 2443 1762 2523 temperarem,
1835 2441 2029 2507 donec
2091 2440 2420 2506 doctorum
2464 2442 2747 2506 virorum
2803 2440 3054 2506 iudicio

689 2547 843 2613 11330
897 2548 1320 2614 controversia
1377 2551 1873 2632 componeretur.
1968 2548 2212 2629 Quibus
2281 2548 2612 2630 respondi:
2681 2547 2840 2612 Cum
2886 2547 3051 2612 11330

689 2653 984 2737 publicae
1029 2654 1516 2738 tranquillitatis
1563 2674 1754 2719 causa
1796 2674 1834 2719 a
1877 2674 1977 2720 me
2022 2654 2162 2719 fieri
2207 2654 2408 2719 velint
2423 2656 2471 2736 ⁴,
2518 2654 2588 2718 in
2633 2654 3051 2718 concionibus

647 2813 661 2827 .
689 2760 847 2826 meis
895 2780 933 2825 a
977 2763 1374 2826 controversa
1418 2761 1689 2825 duorum
1744 2763 2278 2826 sacramentorum
2323 2759 2612 2825 doctrina
2655 2757 2792 2824 *me
2839 2760 3049 2825 absti-

687 2867 868 2948 neb0,
917 2867 1044 2931 imo
1090 2886 1168 2931 ne
1213 2867 1376 2932 hanc
1420 2866 1709 2950 quidem·
1754 2867 2083 2966 attipgam,
2133 2866 2241 2932 sed
2286 2885 2376 2949 33,
2425 2884 2584 2950 quae
2627 2884 2843 2949 pacem
2890 2884 3050 2930 con-

687 2972 960 3054 cilientb‚
1032 2992 1192 3057 quae
1252 2973 1539 3037 senatum
1608 2974 1931 3054 excusent,
2001 2990 2160 3055 quae
2220 2972 2469 3055 plebem
2535 2973 3046 3037 tumultuantem

687 3078 931 3161 sedent,
979 3099 1105 3163 qua
1147 3099 1249 3144 me
1295 3079 1474 3143 decet
1524 3078 1650 3143 fide
1695 3078 1948 3160 docebo,
2018 3077 2214 3143 donec
2260 3079 2338 3143 ab
2386 3078 2666 3143 admixta
2708 3078 2839 3144 fece
2883 3078 3047 3143 11330

686 3185 975 3251 doctrina
1032 3188 1343 3270 purgetur
1395 3188 1459 3251 et
1517 3186 1720 3250 maior
1777 3184 2063 3250 veritatis
2124 3184 2364 3268 agnitio
2420 3204 2458 3249 a
2507 3186 2638 3250 Deo
2706 3184 3043 3249 hominum

899 3415 948 3484 ¹²)
987 3416 1125 3468 Ma„-
1161 3415 1397 3486 quidam.
1436 3445 1503 3454 —
1541 3414 1594 3484 b)
1632 3415 1772 3470 Ma:
1808 3414 2118 3470 conciliant.

899 3629 942 3696 ¹)
979 3628 1152 3682 Nicht
1186 3629 1341 3682 mehr
1374 3627 1759 3684 nachweisbar.
1819 3627 1932 3682 Der
1968 3630 2075 3682 seit
2096 3627 2218 3681 dem
2246 3627 2293 3680 7.
2323 3627 2361 3681 J
2362 3628 2454 3681 uni
2492 3626 2718 3681 nachstc
2756 3626 3042 3682 erhaltene

680 3717 838 3771 Brief
870 3716 965 3772 des
1000 3717 1250 3772 Bischofs
1288 3734 1359 3771 an
1397 3716 1485 3771 die
1522 3716 1687 3771 Stadt
1727 3717 1803 3770 ist
1840 3721 1953 3771 erst
1986 3734 2109 3771 vom
2148 3717 2230 3770 19.
2270 3715 2505 3770 October
2540 3715 2759 3770 datiert.

895 3804 940 3875 ⁸)
975 3806 1090 3860 Der
1125 3805 1384 3861 deutsche
1416 3806 1556 3860 Text
1590 3805 1689 3860 der
1722 3804 2216 3859 Rothmann’schen
2252 3804 2564 3874 Erklssrung
2598 3805 2675 3858 ist
2708 3803 2848 3857 nach
2886 3804 3043 3858 einer

678 3895 961 3950 Abschrift
1013 3896 1072 3948 in
1108 3894 1204 3949 der
1238 3893 1465 3965 Beilage
1517 3910 1584 3948 zu
1622 3895 1799 3949 einem
1837 3893 2130 3949 Schreiben
2164 3910 2214 3949 v.
2240 3891 2292 3948 d.
2320 3892 2552 3947 Wieck’s
2609 3909 2679 3946 an
2719 3891 2822 3947 den
2858 3891 3036 3947 hessi-

679 3984 844 4038 schen
881 3983 1117 4038 Kanzler
1150 3983 1276 4037 Joh.
1313 3982 1486 4053 Feigk
1520 4000 1643 4038 vom
1682 3984 1766 4038 15.
1802 3982 1941 4038 Nov.
1983 3981 2120 4036 1533
2165 3981 2504 4052 abgedruckt
2538 3981 2626 4035 bei
2665 3979 2724 4034 C.
2761 3980 2827 4035 A.
2865 3979 3036 4035 Cor-

677 4073 951 4127 nelius:
991 4073 1066 4128 M.
1102 4072 1168 4128 A.
1204 4071 1283 4127 H.
1322 4071 1377 4127 S.
1413 4072 1537 4126 365.

893 4160 938 4230 ⁸)
977 4161 1054 4214 Zu
1091 4159 1188 4214 der
1221 4159 1530 4229 Erklarung
1565 4159 1734 4214 heisst
1770 4174 1854 4212 es:
1909 4198 1953 4226 „.
1977 4197 1993 4213 .
2014 4197 2027 4212 .
2068 4157 2157 4211 die
2193 4174 2439 4213 ersamen
2474 4156 2607 4211 hern
2656 4156 2818 4212 baide
2854 4156 3037 4212 older-

677 4249 797 4304 leut
831 4248 943 4303 und
979 4248 1325 4303 mesterleute
1362 4252 1543 4318 sampt
1578 4246 1847 4301 etzlichen
1884 4246 2216 4317 deputerden
2253 4264 2357 4301 von
2396 4246 2499 4301 den
2536 4245 2973 4301 mesterleuten.“

891 4337 938 4407 ⁴)
976 4337 1079 4391 Die
1115 4336 1423 4407 Erklarung
1473 4336 1601 4407 fugt
1635 4335 1827 4391 hinzu:
1871 4335 2006 4402 „den
2043 4336 2134 4389 ich
2172 4335 2280 4389 dan
2318 4333 2460 4389 auch
2496 4334 2748 4405 schuldig
2800 4334 2914 4387 und
2949 4334 3035 4388 al-

675 4425 815 4479 tzeit
855 4441 1021 4495 gerne
1057 4424 1252 4479 deinen
1288 4425 1427 4480 wil.“
