3259 5075
633 335 765 402 548
1509 334 1691 400 Anno
1747 337 1916 401 1534
1961 337 2117 402 acta.

628 515 849 596 burgo,
885 512 1148 577 Ioannes
1182 511 1257 576 de
1282 512 1513 577 Koerte
1540 512 1622 583 ‚ad
1659 512 1961 578 orientem
1994 513 2062 578 in
2085 513 2357 594 Woesta,
2392 514 2657 578 Ioannes
2682 533 2718 578 a
2741 512 2989 579 Senden

630 619 710 684 ad
750 618 1080 683 meridiem
1125 618 1302 683 iuxta
1346 620 1525 684 aedes
1588 619 1894 684 Eberardi
1938 618 2352 703 Bischopingi
2397 640 2591 704 prope
2636 620 2981 702 Geistham‚

629 726 893 791 Ioannes
940 745 1086 790 vero
1155 725 1230 789 de
1276 725 1624 809 Dincklage
1693 726 1772 789 ad
1833 727 2272 790 euroaustrum
2340 727 2409 790 in
2468 727 2847 792 Lukenbeka
2913 746 2989 791 ac

629 831 1064 897 Koldenhovio
1083 834 1124 896 ¹.
1194 832 1297 896 Ita
1341 834 1552 897 autem
1598 833 1840 916 equites
1887 832 2253 916 peditesque
2299 835 2843 914 castrametantur,
2894 833 2987 897 ita

631 939 782 1002 sunt
827 939 1040 1021 vicini,
1092 941 1166 1004 ut
1210 940 1436 1003 mutua
1482 939 1605 1003 sibi
1653 939 1886 1003 auxilia
1930 939 2301 1003 necessitate
2347 939 2708 1022 postulante
2740 940 2987 1004 adferre

630 1048 879 1129 queant.
974 1045 1306 1125 Quaelibet
1352 1047 1557 1110 castra
1625 1046 1986 1129 aggeribus,
2061 1045 2272 1127 fossis,
2334 1045 2668 1111 tormentis
2716 1046 2988 1130 aliisque

628 1152 817 1216 rebus
864 1152 1230 1216 necessariis
1278 1151 1632 1216 accuratius
1680 1151 2065 1235 pedetentim
2097 1151 2563 1234 communiunt3
2614 1152 2870 1234 vigiliae
2917 1154 2983 1217 et

632 1258 926 1322 excubiae
971 1259 1104 1322 tam
1136 1258 1398 1322 diurnae
1446 1276 1636 1341 quam
1682 1258 2025 1322 nocturnae
2072 1256 2404 1322 habentur.
2466 1258 2692 1322 Trium
2736 1277 2985 1341 quoque

628 1363 1005 1428 dioecesium
1067 1382 1323 1429 suarum
1383 1364 1814 1429 beneficiarios
1863 1363 2150 1445 clienteS,
2215 1383 2369 1446 quos
2417 1364 2684 1429 vasallos
2731 1365 2975 1443 vocant,

628 1470 819 1534 armis
856 1470 1157 1554 equisque
1202 1471 1360 1535 bene
1390 1469 1736 1534 instructos
1769 1468 1845 1533 ad
1878 1468 2148 1551 primam
2196 1469 2364 1534 diem
2395 1470 2615 1534 Martii
2645 1470 2979 1553 Telgetum

627 1577 813 1659 atque
859 1576 1254 1640 Woltbecam
1318 1576 1610 1659 princeps
1658 1577 1983 1657 convocat,
2050 1577 2124 1640 ut
2170 1576 2600 1658 stipendiariis
2650 1596 2782 1641 sese
2829 1595 2979 1640 con-

625 1682 898 1766 iungant
941 1701 1278 1766 eorumque
1316 1684 1575 1764 turmae,
1627 1683 1683 1747 si
1713 1683 1874 1747 forte
1905 1702 2059 1765 opus
2093 1683 2196 1763 sit,
2247 1701 2357 1747 suo
2390 1684 2610 1748 robore
2642 1684 2914 1766 augeant
2933 1684 2975 1746 ².

624 1789 792 1852 Hinc
839 1791 1086 1870 praeter
1131 1791 1379 1853 crebras
1439 1789 1789 1854 exactiones
1837 1791 1900 1854 et
1945 1789 2215 1869 tributa,
2281 1788 2513 1871 quibus
2561 1785 2860 1853 dioecesis
2907 1788 2977 1852 in

624 1894 1011 1978 praesidium
1059 1896 1211 1961 belli
1260 1896 1575 1978 atteritur,
1625 1915 1906 1979 quaeque
1952 1914 2121 1960 nunc
2164 1895 2346 1974 clero,
2412 1913 2583 1959 nunc
2629 1894 2973 1971 nobilitati,

623 2021 794 2066 nunc
839 2001 1084 2066 civibus
1132 2002 1562 2082 exulantibus,
1635 1993 1827 2065 nunc*
1849 2001 2167 2082 ruricoliS‚
2238 2019 2406 2064 nunc
2452 1999 2755 2082 praediis,
2806 2019 2979 2064 nunc

621 2108 994 2190 pecudibus,
1031 2127 1199 2171 nunc
1232 2108 1454 2172 aratris
1488 2107 1815 2190 pendenda
1844 2101 2274 2189 imponuntur,
2310 2106 2378 2170 in
2411 2106 2722 2189 principio
2754 2107 2974 2171 Martii

623 2215 988 2277 ornamenta
1033 2232 1278 2297 quoque
1311 2233 1342 2277 e
1375 2213 1630 2296 templis
1678 2233 1791 2296 per
1834 2214 2032 2277 totam
2080 2212 2412 2277 dioecesim
2460 2212 2711 2277 sublata
2758 2215 2909 2277 sunt
2925 2214 2969 2294 ³,

623 2339 780 2402 quae
827 2321 1040 2384 tamen
1085 2320 1354 2402 pecunia
1400 2318 1732 2383 aestimata
1776 2338 1812 2383 8
1858 2319 2244 2402 paroecianis
2294 2319 2712 2383 redimuntur.
2791 2318 2978 2384 Unde

621 2424 813 2488 multi
863 2427 1071 2490 motus
1132 2426 1369 2509 passim
1420 2427 1571 2490 sunt
1617 2424 1935 2506 concitati,
1998 2425 2265 2489 maxime
2311 2424 2381 2489 in
2425 2425 2713 2490 urbibus,
2812 2424 2975 2489 Nam

620 2549 765 2596 cum
799 2531 1291 2598 Boeckholdiani
1337 2532 1849 2598 ornamentorum
1880 2530 1949 2596 in
1980 2531 2099 2596 Dei
2143 2531 2441 2598 honorem
2474 2551 2512 2596 8
2541 2531 2667 2615 piis
2712 2530 2972 2597 maiori-

619 2639 740 2703 bus
788 2638 918 2703 suis
967 2638 1396 2704 dedicatorum
1463 2639 1964 2703 aestimationem
2011 2640 2258 2722 aegrius
2318 2639 2579 2720 ferrent,
2653 2641 2975 2705 contentio

618 2745 827 2828 gravis
876 2748 972 2811 est
1017 2748 1244 2827 exorta,
1294 2746 1361 2810 in
1407 2765 1531 2829 qua
1576 2746 1886 2829 Georgius
1934 2765 1971 2809 a
2000 2745 2437 2828 Deipenbrock
2483 2766 2555 2811 ac
2599 2746 2788 2811 iudex
2834 2747 2971 2811 eius

833 3047 874 3115 ¹)
911 3047 1016 3100 Die
1042 3047 1414 3100 Reiterfiihrer
1440 3046 1560 3100 sind
1586 3046 1877 3112 dieselben‚
1898 3047 1987 3100 die
2006 3047 2187 3102 Kerss,
2214 3046 2379 3100 sehon
2401 3047 2537 3100 oben
2564 3046 2617 3100 S.
2639 3045 2744 3098 524
2770 3046 2972 3115 angab.

830 3135 875 3204 ²)
912 3136 1017 3189 Die
1053 3136 1416 3191 Ritterschaft
1451 3137 1634 3190 wurde
1672 3152 1791 3189 zum
1830 3138 1879 3189 2.
1906 3136 2054 3189 111818
2092 3135 2232 3188 nach
2259 3135 2532 3203 Wolbeck‚
2572 3135 2659 3189 die
2695 3134 2969 3188 Miinster·

616 3223 777 3277 schen
815 3224 1150 3277 Erbmiinner
1184 3224 1405 3279 wurden
1442 3224 1582 3278 nach
1620 3224 1816 3294 Telgte
1854 3225 2184 3295 aufgeboten
2232 3224 2501 3294 (Konzept
2535 3226 2611 3278 im
2650 3222 2818 3277 St.·A.
2846 3223 2969 3290 M.).

829 3311 874 3380 ²³)
911 3313 1017 3366 Mit
1041 3312 1425 3382 Bezugnahme
1462 3312 1562 3367 auf
1593 3312 1682 3366 die
1706 3313 2163 3382 Auspliinderung
2200 3312 2293 3366 des
2330 3311 2741 3365 Munsterschen
2765 3311 2968 3365 Domes

615 3400 808 3470 erging
860 3401 935 3453 im
972 3401 1416 3454 Einverstandnis
1470 3402 1574 3454 mit
1610 3401 1706 3455 der
1742 3401 2078 3455 Landschaft
2131 3402 2293 3456 echon
2350 3418 2439 3455 am
2473 3400 2559 3452 27.
2599 3400 2841 3454 Februar
2877 3401 2965 3453 ein

613 3487 989 3547 bischoflicher
1013 3489 1206 3543 Befehl
1234 3506 1302 3542 an
1330 3488 1417 3542 die
1442 3489 1720 3543 Amtleute
1749 3490 1919 3559 (gedr.
1947 3490 2034 3543 bei
2062 3491 2120 3544 L.
2147 3488 2402 3543 Keller:
2444 3488 2508 3541 G.
2537 3489 2588 3543 d.
2611 3488 2693 3542 W.
2733 3488 2787 3543 S.
2813 3489 2963 3555 309).

612 3577 684 3631 Es
709 3577 879 3632 heisst
902 3578 1058 3631 darin
1084 3578 1346 3632 aunachst
1371 3594 1489 3644 nur,
1530 3594 1587 3631 er
1609 3578 1768 3631 wolle
1793 3577 1881 3631 die
1922 3578 2182 3644 „kercken
2209 3577 2462 3631 klenodia
2489 3580 2547 3631 to
2575 3594 2735 3645 eynes
2760 3577 2967 3646 yderen

612 3666 803 3720 besten
859 3667 945 3720 ein
995 3666 1246 3736 tytlanck
1298 3667 1354 3719 in
1394 3669 1635 3736 getruwe
1684 3668 2060 3735 verwarunge“
2102 3666 2332 3719 nehmen
2374 3665 2523 3732 „hess
2578 3669 2665 3718 tor
2701 3664 2826 3734 tyth
2864 3665 2965 3735 dyt

611 3753 967 3809 unchristlich
1003 3754 1284 3824 uprorisch
1320 3758 1638 3808 vernement
1673 3754 1767 3808 des
1806 3770 2104 3824 gemeynen
2140 3770 2292 3807 mans
2322 3793 2334 3805 .
2359 3793 2370 3805 .
2394 3793 2405 3804 .
2433 3752 2726 3822 gestillet.“
2779 3752 2961 3807 Schon

611 3860 785 3914 gegen
824 3844 911 3897 die
948 3843 1306 3912 Ablieferung
1360 3842 1546 3897 lehnte
1583 3860 1710 3896 man
1748 3842 1863 3896 sich
1902 3859 1973 3896 811
2009 3842 2185 3895 vielen
2222 3841 2393 3895 Orten
2431 3840 2542 3895 auf.
2615 3840 2742 3910 vgl.
2780 3842 2971 3896 ausser

611 3932 734 3986 dem
767 3932 1022 3987 Berichte
1060 3933 1153 3986 des
1190 3932 1425 3986 Drosten
1462 3932 1498 3985 J
1502 3931 1586 3985 oh.
1625 3932 1830 3987 Valcke
1887 3947 1984 3985 8118
2020 3930 2231 3986 Vechta
2268 3946 2390 3983 vom
2431 3930 2512 3983 15.
2552 3930 2701 3983 Mars
2761 3930 2869 3997 (bei
2905 3930 2962 3985 J.

609 4020 924 4075 Niesert:
965 4021 1115 4076 U.-S.
1152 4020 1201 4074 1.
1240 4020 1294 4075 S.
1333 4021 1423 4087 22)
1472 4020 1559 4074 die
1597 4019 1893 4075 Schreiben
1930 4019 2024 4074 des
2060 4019 2382 4073 Amtmanns
2420 4017 2679 4071 wilhelm
2714 4035 2764 4073 v,
2802 4018 2965 4072 Ellen

611 4125 677 4162 zu
712 4109 885 4163 Assen
922 4127 1042 4164 vom
1089 4111 1164 4163 16.
1202 4108 1352 4162 Marz
1403 4109 1512 4162 und
1550 4108 1645 4162 des
1681 4108 2002 4162 Amtmanns
2040 4106 2162 4162 Joh.
2197 4124 2246 4161 v.
2282 4107 2462 4161 Biiren
2503 4123 2568 4160 zu
2606 4106 2802 4161 Werne
2836 4124 2961 4161 vom

606 4201 658 4250 4.
683 4197 838 4267 April
880 4197 1051 4268 (Orig.
1076 4199 1153 4251 im
1179 4196 1350 4252 St.·A.
1377 4197 1494 4264 M.).
1551 4197 1773 4250 Grosser
1807 4195 1989 4250 wurde
2026 4195 2114 4249 die
2139 4195 2438 4265 Erregung,
2478 4195 2562 4250 818
2598 4195 2728 4250 bald
2765 4195 2968 4251 darauf

609 4285 706 4339 das
742 4285 1018 4340 Ansinnen
1073 4286 1300 4356 gestellt
1333 4285 1532 4354 wurde,
1588 4302 1714 4339 man
1753 4284 1889 4340 solle
1938 4284 2026 4339 die
2064 4283 2457 4353 abgelieferten
2493 4284 2818 4339 Kleinodien
2854 4287 2962 4339 mit

609 4373 749 4428 Geld
784 4374 981 4457 wieder
1017 4374 1275 4429 einlosen.
