3259 5075
631 320 765 387 564
1491 321 1676 387 Anno
1730 322 1900 389 1534
1946 324 2104 388 acta.

632 517 777 563 suas
824 517 1037 580 preces
1069 498 1391 565 exauditas
1438 499 1644 582 iisque
1674 499 1929 564 Patrem
1973 498 2253 582 graviter
2296 498 2475 583 prius
2507 499 2817 564 offensum
2853 501 2991 564 iam

628 605 952 688 placatum
998 623 1131 669 esse
1176 595 1479 686 affirmat}
1544 605 1669 670 sibi
1714 604 1977 669 coelitus
2023 604 2407 687 inspiratum
2456 625 2588 670 esse
2633 606 2802 688 ipsos
2848 606 2991 670 vic-

629 713 825 776 turos,
919 711 1074 775 Inde
1121 710 1356 794 hymno
1408 711 1477 775 in
1520 711 1776 775 laudem
1820 711 1938 776 Dei
1987 710 2315 775 decantato
2364 730 2435 776 ex
2482 712 2799 796 ergastulo
2845 712 2986 792 illo,

630 836 707 882 ne
751 817 985 881 iterum
1031 820 1309 899 peccent,
1356 816 1425 881 in
1464 836 1616 899 pace
1664 817 2081 882 dimittuntur
2125 820 2312 901 atque
2356 819 2449 882 ita
2494 818 2562 882 in
2595 818 2990 883 consortium

633 922 903 987 aliorum
949 921 1437 988 christianorum
1481 923 1752 988 fratrum
1798 923 1980 1006 quasi
2025 923 2154 988 iam
2200 924 2456 1007 purgati
2500 924 2917 1007 recipiuntur.

356 1047 424 1088 15.
453 1044 598 1091 nan.
843 1026 1026 1093 Circa
1069 1028 1450 1093 dominicam
1495 1028 1775 1110 Laetare,
1825 1048 1980 1112 quae
2027 1029 2155 1094 fuit
2204 1031 2304 1094 15.
2355 1029 2606 1112 Martii,
2656 1028 2825 1093 idem
2870 1029 2991 1093 ille

627 1134 1014 1200 Matthisson
1058 1135 1384 1218 praecipit,
1434 1154 1513 1199 ne
1545 1136 1686 1219 quis
1733 1136 1803 1199 in
1843 1136 1998 1201 urbe
2029 1136 2372 1201 cuiuslibet
2416 1136 2662 1220 generis
2695 1137 2988 1200 auctores

630 1260 741 1305 seu
771 1240 967 1306 libros
1007 1243 1255 1324 praeter
1283 1244 1463 1306 vetus
1496 1244 1560 1306 et
1587 1261 1825 1307 novum
1854 1245 2308 1308 testamentum
2336 1242 2585 1324 habeat,
2635 1244 2987 1307 contrectet

630 1366 740 1411 seu
786 1347 981 1430 legat3
1030 1348 1145 1412 hos
1178 1348 1347 1412 enim
1388 1348 1550 1413 solos
1584 1349 1663 1412 ad
1712 1348 1937 1413 salutis
1983 1347 2311 1432 negotium
2346 1348 2654 1429 sufficere,
2702 1347 2985 1431 reliquos

626 1470 773 1517 vero
819 1472 1033 1518 omnes
1080 1453 1159 1517 ad
1206 1473 1499 1537 campum
1547 1454 1937 1520 dominicum
1982 1455 2156 1519 illico
2215 1456 2553 1537 perferant.
2649 1454 2786 1534 Quo
2832 1473 2983 1518 cum

627 1558 1019 1624 incredibilis
1066 1560 1376 1625 librorum
1419 1560 1768 1625 multitudo
1815 1562 2059 1644 perlata
2104 1561 2348 1643 fuisset,
2412 1561 2524 1644 qui
2570 1561 2762 1625 etiam
2807 1560 2987 1624 ultra

628 1664 861 1748 viginti
927 1665 1215 1730 millibus
1283 1667 1664 1731 florenorum
1721 1666 2043 1747 valebant,
2094 1666 2162 1731 in
2207 1666 2421 1748 ignem
2479 1666 2573 1731 ibi
2634 1665 2982 1730 excitatum

344 1785 445 1858 *μ
479 1785 606 1844 478,
632 1772 899 1836 coniecti
944 1770 1050 1835 *in
1096 1772 1378 1837 favillam
1446 1772 1853 1855 rediguntur,
1920 1774 1983 1837 et
2029 1772 2121 1836 sic
2167 1771 2726 1854 incomparabilem
2790 1770 2983 1834 illum

627 1877 805 1942 urbis
874 1878 1244 1943 thesaurum
1303 1897 1374 1942 ac
1418 1877 1768 1942 multorum
1815 1896 2124 1942 annorum
2189 1877 2662 1943 lucubrationes
2722 1876 2985 1941 flamma

629 1983 843 2047 subita
887 1984 1236 2066 absumit-,²3
1307 1984 1469 2067 quod
1520 2004 1590 2048 eo
1638 1983 1901 2048 001101110
1970 1984 2213 2049 factum
2259 2003 2391 2049 esse
2437 2002 2560 2048 11011
2608 1982 2849 2062 dubito,
2898 1983 2983 2047 ut

629 2093 989 2154 sanctorum
1026 2090 1291 2154 Patrum
1337 2089 1801 2172 explicationes,
1850 2108 2007 2172 quae
2053 2089 2351 2155 adversus
2399 2107 2578 2154 suam
2624 2087 2981 2152 doctrinam

627 2194 887 2276 faciunt,
939 2214 1012 2259 ex
1050 2195 1277 2259 animis
1323 2195 1726 2261 subditorum
1774 2195 2082 2278 paulatim
2129 2195 2514 2260 revellantur
2559 2213 2632 2258 ac
2662 2213 2701 2258 a
2731 2212 2795 2258 se
2841 2192 2983 2257 solo

628 2300 1087 2382 scripturarum
1130 2301 1570 2383 interpretatio
1617 2301 1965 2383 dependeat
2009 2303 2073 2365 et
2117 2302 2388 2383 petatur.
2459 2301 2543 2365 Eo
2574 2300 2745 2365 enim
2788 2298 2983 2364 modo

627 2406 1128 2471 commodissime
1159 2406 1298 2471 fieri
1342 2425 1521 2490 posse
1554 2407 1891 2489 existimat,
1939 2409 2016 2471 ut
2047 2426 2224 2472 suam
2269 2407 2622 2473 doctrinam
2653 2424 2979 2471 erroneam

626 2511 799 2596 plebi
868 2512 1195 2596 imprimat
1242 2514 1306 2578 et
1349 2512 1721 2597 impressam
1767 2512 1944 2579 falsis
2004 2512 2584 2596 interpretamentis
2647 2513 2779 2578 suis
2825 2531 2976 2578 con-

624 2619 855 2683 firmet.

843 2884 881 2950 ¹)
917 2883 1075 2938 Nach
1112 2884 1208 2938 der
1230 2883 1608 2954 Vernichtung
1644 2884 1741 2939 der
1775 2883 2221 2939 Dombibliothek
2261 2884 2324 2952 (s.
2356 2884 2491 2939 oben
2531 2884 2585 2938 S.
2623 2884 2752 2952 523)
2791 2884 2982 2938 wurde

624 2989 733 3026 111111
774 2972 888 3026 0100
927 2973 1066 3026 auch
1121 2973 1208 3026 die
1245 2974 1660 3042 systematische
1712 2974 2039 3043 Zerstorung
2088 2973 2183 3028 der
2236 2974 2312 3027 im
2348 2973 2708 3027 Privatbesitz
2765 2972 2975 3027 befind·

622 3059 803 3115 lichen
838 3061 1054 3115 Biicher
1104 3061 1453 3131 angeordnet.
1527 3061 1756 3116 Κο100.’0
1793 3062 2018 3116 Βο110111
2070 3061 2193 3116 halt
2228 3061 2345 3116 sich
2400 3079 2576 3132 3011011
2616 3078 2686 3116 an
2724 3061 2827 3115 den
2877 3061 2983 3116 1100

622 3149 692 3204 H.
730 3150 904 3218 Dorp
942 3148 1027 3202 Bl.
1053 3150 1097 3202 Ε
1119 3152 1192 3204 lv.
1265 3149 1332 3204 H.
1362 3150 1701 3204 Gresbeek
1739 3150 1793 3205 S.
1813 3151 1883 3203 46
1896 3150 1935 3203 f.
1973 3150 2085 3204 und
2110 3150 2199 3204 die
2223 3152 2452 3204 meisten
2479 3150 2714 3204 anderen
2742 3149 2977 3216 Quellen

623 3237 883 3308 sprochen
921 3237 1059 3291 auch
1114 3255 1216 3291 von
1256 3238 1351 3292 der
1387 3238 1780 3308 Verbrennung
1835 3238 1930 3293 der
1964 3237 2555 3308 Biichersammlungen
2611 3239 2707 3292 der
2742 3240 2972 3309 iibrigen

620 3325 858 3380 Kirchen
895 3325 1007 3379 und
1044 3326 1265 3380 Kloster
1317 3326 1429 3379 und
1484 3344 1587 3380 von
1639 3326 1953 3396 derjenigen
2009 3326 2105 3380 der
2139 3326 2524 3381 Rentcnbriefe
2579 3326 2691 3381 und
2746 3327 2984 3381 anderer

620 3414 916 3470 Urkunden
954 3414 1085 3483 (131.
1126 3415 1262 3469 oben
1302 3414 1355 3469 S.
1382 3415 1489 3467 543
1506 3414 1589 3483 f.).
1662 3417 1730 3469 D.
1767 3414 1941 3470 Lilie
1980 3415 2036 3470 S.
2061 3416 2168 3469 229
2204 3415 2358 3469 fiihrt
2392 3415 2613 3469 ahulich
2651 3417 2750 3470 wie
2787 3417 2973 3471 Kerss.

621 3520 717 3557 an:
781 3542 828 3569 „.
850 3542 861 3554 .
885 3542 897 3555 .
935 3502 1142 3557 wolden
1182 3503 1374 3558 andere
1425 3520 1562 3558 nene
1598 3504 1766 3558 beker
1817 3505 1874 3558 bi
1912 3503 2015 3558 den
2055 3521 2179 3558 eren
2219 3507 2446 3572 wetten,
2503 3504 2609 3557 dan
2649 3504 2715 3557 de
2763 3503 2975 3558 biblicn

621 3592 764 3646 unde
790 3608 908 3645 erer
942 3591 1310 3661 predicanten,
1348 3591 1725 3646 insunderheit
1748 3593 2049 3646 Rothmans
2083 3592 2274 3657 boker;
2312 3594 2491 3646 want
2527 3608 2596 3646 se
2631 3596 2971 3646 vormeten

621 3680 797 3745 sick,
854 3680 975 3734 dat
1022 3698 1092 3735 se
1129 3682 1199 3734 in
1254 3681 1332 3734 de
1387 3680 1776 3735 hillicheit
1828 3697 2056 3735 weren
2113 3680 2457 3750 getreden
2520 3680 2698 3735 unde
2752 3698 2979 3735 nener

619 3769 830 3823 boker
883 3769 1376 3824 boderveden.“
1452 3769 1549 3823 Als
1589 3769 1778 3824 Grund
1832 3771 1921 3823 fiir
1958 3769 2045 3824 dio
2085 3769 2461 3839 Vernichtung
2507 3769 2601 3823 der
2638 3770 2825 3839 Briefq
2856 3771 2972 3823 und

619 3858 914 3912 Urkunden
951 3859 1170 3927 gesteht
1204 3858 1422 3912 Johann
1459 3876 1508 3912 1.
1546 3858 1749 3912 Leiden
1788 3876 1876 3912 am
1914 3859 1998 3912 25.
2034 3857 2153 3912 Juli
2192 3857 2330 3911 1535
2371 3858 2465 3924 (Μ.
2506 3858 2664 3924 G.-Q.
2704 3857 2782 3925 11,
2812 3858 2969 3924 374):

622 3985 741 4015 „...
779 3964 850 4002 00
908 3947 1051 4001 alle
1105 3947 1275 4017 ding
1330 3948 1606 4017 gemein
1663 3948 1799 4015 sin,
1855 3947 2020 4016 30111
2077 3946 2498 4015 eigendomb
2552 3962 2778 4000 wesen
2832 3946 2978 4000 und

617 4037 959 4090 niemantz
1015 4035 1240 4090 meher
1292 4035 1657 4103 erbeiden,
1713 4035 1968 4090 sonder
2021 4034 2174 4089 sich
2232 4034 2466 4089 allein
2513 4051 2598 4105 up
2638 4034 2769 4089 Got
2819 4050 2970 4089 101·-

616 4124 854 4179 laeten
891 4123 1136 4178 solde.“
1213 4123 1340 4193 vgl.
1376 4122 1517 4177 auch
1554 4123 1653 4176 das
1689 4122 2024 4177 Bekenntuis
2059 4122 2561 4191 Knipperdolling’s
2614 4122 2733 4177 ebd.
2771 4123 2825 4177 S.
2862 4122 2972 4176 378

615 4213 728 4267 und
765 4211 1114 4283 Krechting’s
1151 4214 1237 4267 bei
1274 4213 1328 4267 J.
1364 4212 1418 4266 N
1433 4213 1685 4266 iesert:
1724 4211 1875 4267 U.-S.
1912 4210 1961 4267 1.
1999 4211 2053 4266 S.
2085 4211 2203 4264 194.
2242 4240 2307 4250 —
2347 4210 2492 4265 Acht
2516 4211 2667 4281 Tage
2704 4210 2836 4281 lang
2870 4210 2973 4265 hat

615 4301 759 4355 nach
795 4301 863 4356 H.
903 4301 1173 4356 Gresbeck
1228 4301 1326 4356 das
1362 4300 1712 4357 Verbrennen
1750 4300 1849 4354 auf
1880 4299 2003 4354 dem
2037 4298 2360 4369 Domplatze
2396 4299 2509 4354 und
2544 4317 2640 4354 101
2675 4299 2799 4353 dem
2834 4299 2984 4354 Rat—

613 4388 754 4444 haus
791 4389 1071 4460 gcdauert.
