3259 5075
622 282 758 348 466
1489 280 1674 348 Anno
1728 283 1899 348 1534
1945 285 2103 348 acta.

625 457 845 543 gelicis
910 456 1310 541 principibus
1330 459 1356 497 ¹
1400 458 1817 542 designandos
1886 458 2039 524 111116
2105 459 2525 543 disputationi
2592 459 2975 525 adhibendos

624 582 758 629 esse
803 564 1097 646 consulit,
1145 563 1378 647 quibus
1421 563 1686 630 victoris
1748 564 2060 630 iudicium
2106 566 2560 649 committatur,
2609 585 2799 650 quam
2841 586 2978 631 rem

625 669 903 735 civitatis
951 670 1314 753 sumptibus
1362 669 1486 734 sibi
1534 688 1721 735 curae
1750 670 1883 735 fore
1928 671 2277 754 promittit3
2327 690 2485 755 quae
2517 671 2726 737 omnia
2769 672 2977 737 utrin-

625 795 746 860 que
790 776 1184 860 placuerunt.
1262 776 1501 840 Verum
1547 795 1694 840 cum
1742 777 1995 841 senatus
2042 777 2118 842 de
2165 780 2333 842 certo
2380 777 2501 860 die,
2550 797 2672 862 quo
2719 780 2977 843 conten-

622 881 900 947 dendum
946 882 1049 964 sit,
1099 880 1340 964 ageret,
1412 880 1854 946 Rothmannus
1903 901 2050 947 cum
2096 882 2227 947 suis
2277 883 2729 967 subterfugere,
2782 883 2976 966 trepi-

624 987 772 1052 dare
804 989 868 1052 et
896 987 1299 1072 tergiversari
1346 988 1553 1070 coepit
1595 988 1826 1066 dicenS,
1878 988 2129 1053 etiamsi
2176 988 2564 1054 adversarios
2596 1008 2741 1054 suos
2772 988 2976 1053 mani-

621 1092 800 1158 festis
849 1094 1308 1176 scripturarnm
1337 1093 1568 1159 veteris
1601 1096 1666 1159 et
1696 1096 1843 1160 novi
1889 1096 2253 1162 testamenti
2294 1097 2682 1180 argumentis
2718 1115 2978 1180 supera-

621 1199 804 1282 verit,
853 1198 1023 1283 quod
1067 1198 1356 1265 futurum
1398 1202 1565 1265 certo
1600 1200 1778 1284 sciat,
1827 1201 1979 1266 adeo
2025 1203 2237 1267 tamen
2282 1204 2593 1268 mundum
2624 1222 2661 1267 a
2689 1204 2976 1269 veritatis

619 1305 875 1371 tramite
921 1305 1260 1386 deflexisse,
1310 1308 1385 1370 ut
1428 1306 1763 1371 veritatem
1809 1307 2002 1373 etiam
2033 1309 2313 1391 agnitam
2359 1328 2693 1393 agnoscere
2736 1310 2974 1392 1161119;

619 1410 777 1476 alios
845 1412 1190 1495 pontificiis
1257 1411 1576 1477 institutis
1647 1413 1964 1496 seductOS,
2038 1414 2194 1479 alios
2239 1415 2683 1480 Lutheranicis
2747 1416 2976 1481 delira-

619 1519 851 1582 mentis
921 1518 1260 1584 fascinatos
1333 1509 1726 1604 aliorumque
1792 1521 2256 1588 haereticorum
2301 1543 2373 1589 ac
2429 1524 2978 1589 schismaticorum

618 1623 871 1706 placitis
920 1624 1306 1690 dementatos
1339 1626 1488 1690 adeo
1534 1627 1886 1709 pertinaces
1919 1627 2143 1711 suique
2185 1630 2498 1712 propositi
2542 1632 2788 1695 tenaces
2822 1649 2974 1712 esse,

616 1732 693 1794 ut
738 1730 935 1796 nullis
980 1731 1334 1796 rationibus
1368 1734 1432 1797 et
1479 1733 1829 1816 scripturae
1874 1735 2258 1800 testimoniis
2306 1755 2370 1801 se
2401 1736 2574 1802 flecti
2616 1737 2973 1820 patiantur3

618 1836 770 1901 adeo
818 1837 941 1902 sibi
989 1857 1203 1902 omnes
1248 1839 1512 1904 infestos
1546 1858 1698 1922 esse,
1749 1859 1895 1904 cum
1941 1841 2272 1906 veritatem
2316 1842 2387 1906 in
2426 1843 2632 1907 lucem
2676 1841 2973 1926 proferat,

616 1943 692 2006 ut
738 1942 989 2008 nullum
1035 1942 1312 2008 iudicem
1356 1964 1471 2027 pro
1519 1965 1584 2010 se
1628 1946 2195 2028 pronunciaturum
2242 1947 2436 2029 sciat3
2506 1948 2713 2012 tutius
2759 1947 2978 2031 itaque

619 2068 683 2113 se
729 2069 910 2114 suam
955 2068 1212 2114 causam
1256 2070 1384 2114 non
1448 2051 1782 2117 hominum
1826 2052 2082 2136 iudicio,
2133 2054 2297 2137 quod
2344 2056 2609 2137 quaestu
2655 2055 2720 2118 et
2763 2053 2978 2118 favore

615 2156 1050 2220 transversum
1095 2157 1358 2238 rapitur,
1432 2157 1541 2221 sed
1588 2176 1881 2240 supremo
1950 2159 2151 2225 iudici
2222 2158 2630 2224 decidendam
2677 2158 2975 2224 commis-

617 2279 856 2326 surum.
926 2262 1294 2344 Disputatio
1342 2282 1509 2347 ergo,
1558 2282 1750 2346 quam
1798 2266 2053 2329 senatus
2100 2266 2165 2328 et
2208 2264 2495 2348 plerique
2529 2264 2641 2328 alii
2689 2266 2976 2347 expecta-

616 2366 789 2449 bant,
837 2365 1469 2433 Rothmannistarum
1513 2370 1692 2434 metu
1737 2370 2067 2435 intercidit
2089 2372 2133 2436 ⁸.

330 2483 428 2556 Ἴ).
464 2485 591 2543 412.
829 2469 1189 2551 *Quaedam
1220 2473 1629 2541 mulierculae
1647 2477 1674 2514 ⁴
1719 2495 1846 2540 non
1891 2477 2025 2541 tam
2058 2477 2321 2543 audaces
2369 2497 2559 2562 quam
2604 2476 2978 2543 temerariae

616 2577 834 2643 eodem
880 2581 943 2644 4.
992 2577 1094 2643 die
1138 2579 1421 2645 Ianuarii
1488 2580 1645 2646 hora
1704 2582 1893 2647 tertia
1952 2584 2381 2665 pomeridiana
2426 2584 2712 2650 consules
2776 2585 2974 2668 111363,

615 2683 728 2768 qui
773 2683 849 2749 de
895 2703 1067 2750 more
1114 2685 1446 2769 quibusvis
1495 2688 1595 2752 sui
1642 2688 1887 2770 copiam
1932 2689 2000 2754 in
2046 2690 2179 2755 foro
2227 2690 2522 2773 fecerant,
2573 2692 2725 2757 satis
2776 2691 2976 2756 confi-

614 2791 838 2856 denter
896 2790 1132 2857 adeunt
1197 2813 1310 2875 per
1356 2794 1690 2859 oratricem
1759 2814 1938 2860 suam
2006 2796 2427 2879 postulanteS,
2499 2800 2575 2862 ut
2618 2797 2973 2878 FabriciuS,

613 2897 800 2962 homo
847 2897 1132 2981 ignotu8‚
1182 2898 1562 2983 alienigena,
1610 2900 2079 2983 Westphalicae
2130 2901 2385 2984 linguae
2430 2902 2719 2985 ignaruS,
2792 2921 2975 2985 pere-

610 3003 793 3087 grino
839 3003 1141 3069 idiomate
1185 3004 1470 3087 sibilans,
1519 3005 1913 3087 temerariuS,
1966 3006 2180 3071 fatuus
2224 3006 2515 3091 maloque
2563 3007 2797 3089 spiritu
2835 3008 2975 3092 agi-

611 3111 804 3191 tatus,
856 3110 934 3175 ab
983 3110 1191 3175 officio
1239 3130 1351 3176 suo
1399 3112 1743 3192 moveatur,
1813 3111 2251 3177 Rothmannus
2297 3132 2463 3196 vero,
2525 3114 2625 3199 111·
2669 3114 2971 3197 prudenS‚

829 3303 872 3373 1)
909 3303 978 3358 H.
1015 3303 1191 3373 Dorp
1228 3303 1356 3373 fiigt
1392 3303 1582 3356 hinzu:
1626 3302 1770 3369 „und
1808 3302 2075 3359 stedten.“

827 3390 870 3459 ²)
906 3391 1176 3446 Aehnlich
1209 3390 1279 3444 H.
1305 3391 1511 3461 Dorp:
1556 3431 1602 3457 ,,.
1625 3432 1639 3445 .
1659 3429 1674 3444 .
1713 3391 1809 3444 das
1848 3392 1926 3445 316
1950 3391 2055 3444 wol
2090 3392 2297 3459 wistan,
2335 3392 2435 3445 wie
2462 3393 2540 3446 sie
2579 3392 2721 3446 auch
2757 3396 2975 3463 sagtem

610 3479 709 3533 das
744 3479 872 3533 ineu
915 3478 1171 3533 niemand
1227 3478 1465 3532 zufallen
1501 3479 1735 3533 wurde.“
1811 3479 1885 3532 Er
1920 3478 2046 3549 fiigt
2101 3479 2244 3533 daun
2300 3479 2494 3534 hinzu:
2556 3482 2689 3547 „wie
2727 3482 2824 3536 das
2865 3483 2977 3536 eim

611 3568 805 3621 erbam
828 3566 977 3621 Radt
1012 3567 1124 3621 und
1148 3566 1244 3621 der
1280 3570 1516 3636 gantzen
1542 3566 1679 3620 Stad
1714 3568 1925 3621 bewust
1959 3568 2049 3635 131,
2087 3567 2199 3621 1111(1
2233 3568 2459 3623 beweist
2494 3569 2610 3623 sich
2649 3586 2789 3624 zwar
2826 3570 2975 3625 selbs

608 3671 710 3709 aus
745 3655 933 3710 beider
967 3653 1067 3708 teil
1105 3654 1404 3724 schrifften,
1441 3654 1530 3708 die
1568 3654 1666 3709 das
1702 3654 1815 3708 mal
1851 3655 2220 3710 uberantwort
2254 3656 2475 3710 wurden
2529 3657 2642 3711 und
2677 3659 2820 3712 noch
2856 3659 2974 3713 fur-

606 3742 824 3797 handen
862 3744 1029 3798 sein.“

823 3831 867 3900 ⁸)
906 3832 1025 3887 Von
1077 3832 1226 3886 einer
1278 3830 1663 3901 nochmaligen
1715 3831 1857 3885 nach
1906 3830 2028 3884 dem
2067 3832 2151 3886 10.
2189 3831 2430 3886 Februar
2469 3832 2609 3887 1534
2663 3851 2843 3904 gegen
2882 3834 2976 3890 die

607 3918 1007 3975 Wiedertaufer
1040 3919 1480 3989 beabsichtigten
1516 3920 1873 3989 Disputation
1916 3920 2124 3988 einiger
2164 3918 2431 3988 „gelerter
2466 3919 2633 3975 heren
2670 3923 2815 3977 unde
2854 3927 2974 3977 stu-

605 4006 807 4063 denten
831 4048 847 4064 .
870 4047 884 4062 .
906 4048 940 4077 .,
977 4008 1151 4062 under
1184 4007 1483 4062 welckeren
1522 4009 1728 4077 gewest
1762 4007 1860 4061 her
1883 4006 2122 4061 Herman
2148 4006 2346 4076 Kothe,
2383 4008 2620 4064 vortides
2658 4010 2975 4080 cappellain

604 4100 810 4165 gewest
865 4099 924 4150 to
963 4095 1135 4150 Sunte
1170 4095 1497 4164 Lamberde,
1555 4096 1645 4149 ein
1681 4094 1951 4162 frommer,
2007 4093 2243 4164 gelerter
2278 4093 2529 4164 christe,“
2588 4098 2864 4152 berichtet
2898 4099 2974 4156 D.

605 4181 787 4237 Lilie
825 4183 881 4239 S.
906 4183 1014 4237 220
1032 4183 1071 4238 f.
1125 4182 1283 4237 Doch
1307 4184 1383 4237 ist
1412 4186 1567 4237 sonst
1590 4181 1823 4236 dariiber
1845 4181 2044 4235 Nichts
2082 4180 2414 4239 iiberliefert.
2469 4183 2547 4237 Zu
2570 4183 2758 4241 Herm.
2782 4186 2976 4242 Kothe

603 4269 715 4339 vgl.
752 4270 841 4325 (116
878 4270 1231 4340 Anmerkung
1267 4271 1329 4326 F.
1367 4268 1677 4340 Runge’s
1731 4270 1790 4323 in
1827 4270 2005 4323 3611161·
2038 4268 2292 4339 Ausgabe
2330 4269 2423 4325 des
2458 4270 2529 4327 D.
2565 4271 2707 4327 Lilie
2745 4290 2796 4329 a.
2823 4291 2875 4330 a.
2903 4274 2973 4331 Ο.

818 4359 865 4426 ⁴)
904 4358 1019 4413 Das
1055 4357 1335 4428 Folgende
1371 4359 1449 4413 ist
1482 4374 1588 4411 11111·
1623 4356 1791 4411 durch
1830 4356 2013 4411 Keras.
2049 4356 2306 4413 bekannt.
2386 4393 2390 4397 «
