<?xml version="1.0" encoding="UTF-8"?>
<!DOCTYPE html PUBLIC "-//W3C//DTD XHTML 1.0 Transitional//EN"
    "http://www.w3.org/TR/xhtml1/DTD/xhtml1-transitional.dtd">
<html xmlns="http://www.w3.org/1999/xhtml" xml:lang="en" lang="en">
 <head>
  <title>
</title>
<meta http-equiv="Content-Type" content="text/html;charset=utf-8" />
  <meta name='ocr-system' content='tesseract 3.04.00' />
  <meta name='ocr-capabilities' content='ocr_page ocr_carea ocr_par ocr_line ocrx_word'/>
</head>
<body>
  <div class='ocr_page' id='page_1' title='image "./hermanniakersse00westgoog_0531.png"; bbox 0 0 3259 5075; ppageno 0'>
   <div class='ocr_carea' id='block_1_1' title="bbox 1104 242 2582 308">
    <p class='ocr_par' dir='ltr' id='par_1_1' title="bbox 1104 242 2582 308">
     <span class='ocr_line' id='line_1_1' title="bbox 1104 242 2582 308; baseline 0 -1"><span class='ocrx_word' id='word_1_1' title='bbox 1104 242 1288 307; x_wconf 88' lang='lat' dir='ltr'><strong>Anno</strong></span> <span class='ocrx_word' id='word_1_2' title='bbox 1342 245 1504 307; x_wconf 83' lang='lat'>1541</span> <span class='ocrx_word' id='word_1_3' title='bbox 1558 244 1716 307; x_wconf 82' lang='lat' dir='ltr'><strong>acta.</strong></span> <span class='ocrx_word' id='word_1_4' title='bbox 2452 244 2582 308; x_wconf 84' lang='lat'><strong>907</strong></span> 
     </span>
    </p>
   </div>
   <div class='ocr_carea' id='block_1_2' title="bbox 217 416 2881 4327">
    <p class='ocr_par' dir='ltr' id='par_1_2' title="bbox 217 416 2594 2094">
     <span class='ocr_line' id='line_1_2' title="bbox 218 416 2587 501; baseline 0.001 -20"><span class='ocrx_word' id='word_1_5' title='bbox 218 417 708 501; x_wconf 88' lang='lat' dir='ltr'><strong>quaestionibus</strong></span> <span class='ocrx_word' id='word_1_6' title='bbox 771 416 1002 482; x_wconf 88' lang='lat' dir='ltr'><strong>subiici</strong></span> <span class='ocrx_word' id='word_1_7' title='bbox 1060 417 1483 500; x_wconf 81' lang='lat' dir='ltr'><strong>consuevisse,</strong></span> <span class='ocrx_word' id='word_1_8' title='bbox 1555 417 1756 483; x_wconf 90' lang='lat' dir='ltr'><strong>iudici</strong></span> <span class='ocrx_word' id='word_1_9' title='bbox 1801 419 1969 482; x_wconf 88' lang='lat' dir='ltr'><strong>fassa</strong></span> <span class='ocrx_word' id='word_1_10' title='bbox 2014 417 2280 483; x_wconf 90' lang='lat' dir='ltr'><strong>crimina</strong></span> <span class='ocrx_word' id='word_1_11' title='bbox 2325 418 2587 500; x_wconf 82' lang='lat' dir='ltr'><strong>tradita,</strong></span> 
     </span>
     <span class='ocr_line' id='line_1_3' title="bbox 217 523 2587 607; baseline 0.001 -21"><span class='ocrx_word' id='word_1_12' title='bbox 217 542 439 603; x_wconf 90' lang='lat' dir='ltr'><strong>reum,</strong></span> <span class='ocrx_word' id='word_1_13' title='bbox 492 524 547 587; x_wconf 87' lang='lat' dir='ltr'><strong>si</strong></span> <span class='ocrx_word' id='word_1_14' title='bbox 593 523 837 606; x_wconf 85' lang='lat' dir='ltr'><strong>flagitia</strong></span> <span class='ocrx_word' id='word_1_15' title='bbox 882 543 1006 588; x_wconf 91' lang='lat' dir='ltr'><strong>non</strong></span> <span class='ocrx_word' id='word_1_16' title='bbox 1052 525 1429 606; x_wconf 88' lang='lat' dir='ltr'><strong>recantaret‚</strong></span> <span class='ocrx_word' id='word_1_17' title='bbox 1487 523 1555 588; x_wconf 90' lang='lat' dir='ltr'><strong>in</strong></span> <span class='ocrx_word' id='word_1_18' title='bbox 1601 523 1703 588; x_wconf 88' lang='lat' dir='ltr'><strong>ius</strong></span> <span class='ocrx_word' id='word_1_19' title='bbox 1748 526 2169 607; x_wconf 86' lang='lat' dir='ltr'><strong>protractum,</strong></span> <span class='ocrx_word' id='word_1_20' title='bbox 2220 527 2587 589; x_wconf 90' lang='lat' dir='ltr'><strong>accusatum</strong></span> 
     </span>
     <span class='ocr_line' id='line_1_4' title="bbox 220 629 2584 713; baseline 0 -21"><span class='ocrx_word' id='word_1_21' title='bbox 220 632 293 692; x_wconf 90' lang='lat' dir='ltr'><strong>et</strong></span> <span class='ocrx_word' id='word_1_22' title='bbox 342 629 597 693; x_wconf 89' lang='lat' dir='ltr'><strong>tandem</strong></span> <span class='ocrx_word' id='word_1_23' title='bbox 667 629 967 694; x_wconf 87' lang='lat' dir='ltr'><strong>maleficii</strong></span> <span class='ocrx_word' id='word_1_24' title='bbox 1011 649 1199 694; x_wconf 89' lang='lat' dir='ltr'><strong>causa</strong></span> <span class='ocrx_word' id='word_1_25' title='bbox 1268 629 1462 694; x_wconf 90' lang='lat' dir='ltr'><strong>alicui</strong></span> <span class='ocrx_word' id='word_1_26' title='bbox 1522 629 1838 713; x_wconf 91' lang='lat' dir='ltr'><strong>supplicio</strong></span> <span class='ocrx_word' id='word_1_27' title='bbox 1884 632 1997 694; x_wconf 86' lang='lat' dir='ltr'><strong>aut</strong></span> <span class='ocrx_word' id='word_1_28' title='bbox 2040 648 2273 713; x_wconf 88' lang='lat' dir='ltr'><strong>poenae</strong></span> <span class='ocrx_word' id='word_1_29' title='bbox 2333 630 2584 695; x_wconf 91' lang='lat' dir='ltr'><strong>adiudi-</strong></span> 
     </span>
     <span class='ocr_line' id='line_1_5' title="bbox 221 735 2584 818; baseline 0.001 -20"><span class='ocrx_word' id='word_1_30' title='bbox 221 737 445 799; x_wconf 87' lang='lat' dir='ltr'><strong>catum</strong></span> <span class='ocrx_word' id='word_1_31' title='bbox 491 735 705 800; x_wconf 84' lang='lat' dir='ltr'><strong>fuisse.</strong></span> <span class='ocrx_word' id='word_1_32' title='bbox 775 735 1077 801; x_wconf 77' lang='lat' dir='ltr'><strong>Senatum</strong></span> <span class='ocrx_word' id='word_1_33' title='bbox 1121 755 1243 800; x_wconf 90' lang='lat' dir='ltr'><strong>non</strong></span> <span class='ocrx_word' id='word_1_34' title='bbox 1280 735 1413 802; x_wconf 89' lang='lat' dir='ltr'><strong>sine</strong></span> <span class='ocrx_word' id='word_1_35' title='bbox 1458 735 1768 818; x_wconf 91' lang='lat' dir='ltr'><strong>principis</strong></span> <span class='ocrx_word' id='word_1_36' title='bbox 1816 754 2122 800; x_wconf 90' lang='lat' dir='ltr'><strong>consensu</strong></span> <span class='ocrx_word' id='word_1_37' title='bbox 2166 735 2584 801; x_wconf 84' lang='lat' dir='ltr'><strong>facinerosum</strong></span> 
     </span>
     <span class='ocr_line' id='line_1_6' title="bbox 219 840 2587 907; baseline 0 -2"><span class='ocrx_word' id='word_1_38' title='bbox 219 841 678 906; x_wconf 78' lang='lat' dir='ltr'><strong>relaxaturum.</strong></span> <span class='ocrx_word' id='word_1_39' title='bbox 729 841 1039 907; x_wconf 80' lang='lat' dir='ltr'>Pecuniae</span> <span class='ocrx_word' id='word_1_40' title='bbox 1070 840 1493 906; x_wconf 86' lang='lat' dir='ltr'><strong>mulctatitiae</strong></span> <span class='ocrx_word' id='word_1_41' title='bbox 1538 841 1608 904; x_wconf 88' lang='lat' dir='ltr'><strong>in</strong></span> <span class='ocrx_word' id='word_1_42' title='bbox 1640 841 1896 906; x_wconf 86' lang='lat' dir='ltr'><strong>civitate</strong></span> <span class='ocrx_word' id='word_1_43' title='bbox 1941 843 2216 907; x_wconf 85' lang='lat' dir='ltr'><strong>extortae</strong></span> <span class='ocrx_word' id='word_1_44' title='bbox 2246 842 2587 907; x_wconf 89' lang='lat' dir='ltr'><strong>dimidium</strong></span> 
     </span>
     <span class='ocr_line' id='line_1_7' title="bbox 221 946 2587 1031; baseline 0.001 -21"><span class='ocrx_word' id='word_1_45' title='bbox 221 946 309 1010; x_wconf 88' lang='lat' dir='ltr'><strong>ad</strong></span> <span class='ocrx_word' id='word_1_46' title='bbox 357 946 731 1030; x_wconf 76' lang='lat' dir='ltr'><strong>principem,</strong></span> <span class='ocrx_word' id='word_1_47' title='bbox 803 946 1121 1031; x_wconf 90' lang='lat' dir='ltr'><strong>reliquum</strong></span> <span class='ocrx_word' id='word_1_48' title='bbox 1166 966 1312 1012; x_wconf 85' lang='lat' dir='ltr'><strong>vero</strong></span> <span class='ocrx_word' id='word_1_49' title='bbox 1380 947 1720 1012; x_wconf 90' lang='lat' dir='ltr'><strong>dimidium</strong></span> <span class='ocrx_word' id='word_1_50' title='bbox 1766 947 1846 1012; x_wconf 88' lang='lat' dir='ltr'><strong>ad</strong></span> <span class='ocrx_word' id='word_1_51' title='bbox 1892 950 2180 1012; x_wconf 92' lang='lat' dir='ltr'><strong>senatum</strong></span> <span class='ocrx_word' id='word_1_52' title='bbox 2247 948 2587 1031; x_wconf 86' lang='lat' dir='ltr'><strong>pertinere,</strong></span> 
     </span>
     <span class='ocr_line' id='line_1_8' title="bbox 223 1052 2591 1136; baseline 0.001 -19"><span class='ocrx_word' id='word_1_53' title='bbox 223 1052 401 1117; x_wconf 91' lang='lat' dir='ltr'><strong>unde</strong></span> <span class='ocrx_word' id='word_1_54' title='bbox 448 1052 762 1136; x_wconf 88' lang='lat' dir='ltr'><strong>impensas</strong></span> <span class='ocrx_word' id='word_1_55' title='bbox 834 1053 1229 1136; x_wconf 85' lang='lat' dir='ltr'><strong>captivorum</strong></span> <span class='ocrx_word' id='word_1_56' title='bbox 1299 1053 1627 1119; x_wconf 87' lang='lat' dir='ltr'><strong>sustineat.</strong></span> <span class='ocrx_word' id='word_1_57' title='bbox 1680 1091 1763 1102; x_wconf 95' lang='lat'><strong>—</strong></span> <span class='ocrx_word' id='word_1_58' title='bbox 1811 1053 2044 1119; x_wconf 85' lang='lat' dir='ltr'><strong>Civiles</strong></span> <span class='ocrx_word' id='word_1_59' title='bbox 2113 1072 2331 1119; x_wconf 81' lang='lat' dir='ltr'><strong>causas</strong></span> <span class='ocrx_word' id='word_1_60' title='bbox 2376 1074 2591 1120; x_wconf 84' lang='lat' dir='ltr'><strong>coram</strong></span> 
     </span>
     <span class='ocr_line' id='line_1_9' title="bbox 225 1158 2589 1244; baseline 0.001 -21"><span class='ocrx_word' id='word_1_61' title='bbox 225 1158 540 1244; x_wconf 90' lang='lat' dir='ltr'><strong>principis</strong></span> <span class='ocrx_word' id='word_1_62' title='bbox 610 1160 819 1225; x_wconf 90' lang='lat' dir='ltr'><strong>iudice</strong></span> <span class='ocrx_word' id='word_1_63' title='bbox 864 1163 928 1225; x_wconf 88' lang='lat' dir='ltr'><strong>et</strong></span> <span class='ocrx_word' id='word_1_64' title='bbox 974 1160 1352 1243; x_wconf 88' lang='lat' dir='ltr'><strong>quibusdam</strong></span> <span class='ocrx_word' id='word_1_65' title='bbox 1400 1181 1472 1225; x_wconf 87' lang='lat' dir='ltr'><strong>ex</strong></span> <span class='ocrx_word' id='word_1_66' title='bbox 1519 1161 1831 1226; x_wconf 89' lang='lat' dir='ltr'><strong>senatorio</strong></span> <span class='ocrx_word' id='word_1_67' title='bbox 1891 1159 2108 1225; x_wconf 91' lang='lat' dir='ltr'><strong>ordine</strong></span> <span class='ocrx_word' id='word_1_68' title='bbox 2167 1160 2589 1226; x_wconf 83' lang='lat' dir='ltr'><strong>assessoribus</strong></span> 
     </span>
     <span class='ocr_line' id='line_1_10' title="bbox 227 1265 2594 1349; baseline 0.001 -20"><span class='ocrx_word' id='word_1_69' title='bbox 227 1265 463 1348; x_wconf 84' lang='lat' dir='ltr'><strong>agitari</strong></span> <span class='ocrx_word' id='word_1_70' title='bbox 509 1268 574 1330; x_wconf 91' lang='lat' dir='ltr'><strong>et</strong></span> <span class='ocrx_word' id='word_1_71' title='bbox 620 1266 826 1330; x_wconf 93' lang='lat' dir='ltr'><strong>decidi</strong></span> <span class='ocrx_word' id='word_1_72' title='bbox 873 1268 1283 1332; x_wconf 83' lang='lat' dir='ltr'><strong>consuevisse.</strong></span> <span class='ocrx_word' id='word_1_73' title='bbox 1321 1306 1405 1315; x_wconf 90' lang='lat'><strong>——</strong></span> <span class='ocrx_word' id='word_1_74' title='bbox 1438 1267 1877 1333; x_wconf 77' lang='lat' dir='ltr'><strong>Commeatum</strong></span> <span class='ocrx_word' id='word_1_75' title='bbox 1921 1267 2252 1349; x_wconf 91' lang='lat' dir='ltr'><strong>publicum</strong></span> <span class='ocrx_word' id='word_1_76' title='bbox 2298 1287 2335 1332; x_wconf 88' lang='lat' dir='ltr'><strong>a</strong></span> <span class='ocrx_word' id='word_1_77' title='bbox 2365 1269 2594 1332; x_wconf 86' lang='lat' dir='ltr'><strong>senatu</strong></span> 
     </span>
     <span class='ocr_line' id='line_1_11' title="bbox 228 1372 2588 1457; baseline 0.001 -22"><span class='ocrx_word' id='word_1_78' title='bbox 228 1374 297 1436; x_wconf 93' lang='lat' dir='ltr'><strong>et</strong></span> <span class='ocrx_word' id='word_1_79' title='bbox 344 1372 553 1437; x_wconf 92' lang='lat' dir='ltr'><strong>iudice</strong></span> <span class='ocrx_word' id='word_1_80' title='bbox 601 1392 846 1456; x_wconf 86' lang='lat' dir='ltr'><strong>semper</strong></span> <span class='ocrx_word' id='word_1_81' title='bbox 902 1374 1180 1457; x_wconf 87' lang='lat' dir='ltr'><strong>petitum</strong></span> <span class='ocrx_word' id='word_1_82' title='bbox 1228 1375 1292 1438; x_wconf 96' lang='lat' dir='ltr'><strong>et</strong></span> <span class='ocrx_word' id='word_1_83' title='bbox 1337 1392 1482 1438; x_wconf 92' lang='lat' dir='ltr'><strong>cum</strong></span> <span class='ocrx_word' id='word_1_84' title='bbox 1528 1393 1836 1439; x_wconf 90' lang='lat' dir='ltr'><strong>consensu</strong></span> <span class='ocrx_word' id='word_1_85' title='bbox 1881 1373 2113 1438; x_wconf 88' lang='lat' dir='ltr'><strong>iudicis</strong></span> <span class='ocrx_word' id='word_1_86' title='bbox 2183 1374 2588 1441; x_wconf 72' lang='lat' dir='ltr'><strong>securitatem</strong></span> 
     </span>
     <span class='ocr_line' id='line_1_12' title="bbox 226 1478 2586 1562; baseline 0 -20"><span class='ocrx_word' id='word_1_87' title='bbox 226 1478 556 1562; x_wconf 87' lang='lat' dir='ltr'><strong>publicam</strong></span> <span class='ocrx_word' id='word_1_88' title='bbox 604 1479 807 1544; x_wconf 82' lang='lat' dir='ltr'><strong>cuivis</strong></span> <span class='ocrx_word' id='word_1_89' title='bbox 854 1482 968 1544; x_wconf 90' lang='lat' dir='ltr'><strong>aut</strong></span> <span class='ocrx_word' id='word_1_90' title='bbox 1012 1479 1091 1543; x_wconf 87' lang='lat' dir='ltr'><strong>ad</strong></span> <span class='ocrx_word' id='word_1_91' title='bbox 1122 1479 1223 1543; x_wconf 90' lang='lat' dir='ltr'><strong>ius</strong></span> <span class='ocrx_word' id='word_1_92' title='bbox 1258 1498 1448 1544; x_wconf 90' lang='lat' dir='ltr'><strong>suum</strong></span> <span class='ocrx_word' id='word_1_93' title='bbox 1492 1479 1995 1562; x_wconf 89' lang='lat' dir='ltr'><strong>persequendum</strong></span> <span class='ocrx_word' id='word_1_94' title='bbox 2039 1481 2153 1543; x_wconf 90' lang='lat' dir='ltr'><strong>aut</strong></span> <span class='ocrx_word' id='word_1_95' title='bbox 2197 1498 2261 1543; x_wconf 93' lang='lat' dir='ltr'><strong>se</strong></span> <span class='ocrx_word' id='word_1_96' title='bbox 2292 1478 2431 1543; x_wconf 90' lang='lat' dir='ltr'><strong>iure</strong></span> <span class='ocrx_word' id='word_1_97' title='bbox 2479 1479 2586 1543; x_wconf 92' lang='lat' dir='ltr'><strong>de-</strong></span> 
     </span>
     <span class='ocr_line' id='line_1_13' title="bbox 228 1584 2588 1670; baseline 0.001 -22"><span class='ocrx_word' id='word_1_98' title='bbox 228 1584 619 1651; x_wconf 88' lang='lat' dir='ltr'><strong>fendendum</strong></span> <span class='ocrx_word' id='word_1_99' title='bbox 665 1588 880 1651; x_wconf 86' lang='lat' dir='ltr'><strong>datam</strong></span> <span class='ocrx_word' id='word_1_100' title='bbox 948 1587 1162 1651; x_wconf 86' lang='lat' dir='ltr'><strong>fuisse.</strong></span> <span class='ocrx_word' id='word_1_101' title='bbox 1215 1624 1298 1634; x_wconf 93' lang='lat'>—</span> <span class='ocrx_word' id='word_1_102' title='bbox 1347 1585 1803 1670; x_wconf 83' lang='lat' dir='ltr'><strong>Gograviatum</strong></span> <span class='ocrx_word' id='word_1_103' title='bbox 1870 1585 2230 1651; x_wconf 88' lang='lat' dir='ltr'><strong>Sendanum</strong></span> <span class='ocrx_word' id='word_1_104' title='bbox 2297 1587 2588 1651; x_wconf 84' lang='lat' dir='ltr'><strong>senatum</strong></span> 
     </span>
     <span class='ocr_line' id='line_1_14' title="bbox 231 1691 2588 1776; baseline 0 -22"><span class='ocrx_word' id='word_1_105' title='bbox 231 1691 591 1775; x_wconf 89' lang='lat' dir='ltr'><strong>antiquitus</strong></span> <span class='ocrx_word' id='word_1_106' title='bbox 659 1692 1011 1776; x_wconf 88' lang='lat' dir='ltr'><strong>possedisse</strong></span> <span class='ocrx_word' id='word_1_107' title='bbox 1059 1695 1122 1758; x_wconf 91' lang='lat' dir='ltr'><strong>et</strong></span> <span class='ocrx_word' id='word_1_108' title='bbox 1169 1711 1523 1775; x_wconf 89' lang='lat' dir='ltr'><strong>occupasse.</strong></span> <span class='ocrx_word' id='word_1_109' title='bbox 1616 1692 2031 1775; x_wconf 89' lang='lat' dir='ltr'><strong>Eruptiouem</strong></span> <span class='ocrx_word' id='word_1_110' title='bbox 2091 1691 2283 1757; x_wconf 90' lang='lat' dir='ltr'><strong>etiam</strong></span> <span class='ocrx_word' id='word_1_111' title='bbox 2349 1691 2588 1756; x_wconf 82' lang='lat' dir='ltr'><strong>civium</strong></span> 
     </span>
     <span class='ocr_line' id='line_1_15' title="bbox 231 1796 2591 1882; baseline 0 -21"><span class='ocrx_word' id='word_1_112' title='bbox 231 1796 592 1880; x_wconf 90' lang='lat' dir='ltr'><strong>antiquitus</strong></span> <span class='ocrx_word' id='word_1_113' title='bbox 640 1801 704 1864; x_wconf 92' lang='lat' dir='ltr'><strong>et</strong></span> <span class='ocrx_word' id='word_1_114' title='bbox 748 1800 893 1863; x_wconf 90' lang='lat' dir='ltr'><strong>ante</strong></span> <span class='ocrx_word' id='word_1_115' title='bbox 955 1798 1286 1864; x_wconf 90' lang='lat' dir='ltr'><strong>hominum</strong></span> <span class='ocrx_word' id='word_1_116' title='bbox 1345 1799 1713 1863; x_wconf 88' lang='lat' dir='ltr'><strong>memoriam</strong></span> <span class='ocrx_word' id='word_1_117' title='bbox 1758 1798 1828 1862; x_wconf 92' lang='lat' dir='ltr'><strong>in</strong></span> <span class='ocrx_word' id='word_1_118' title='bbox 1873 1816 1996 1862; x_wconf 85' lang='lat' dir='ltr'><strong>usu</strong></span> <span class='ocrx_word' id='word_1_119' title='bbox 2041 1797 2271 1879; x_wconf 87' lang='lat' dir='ltr'><strong>fuisse;</strong></span> <span class='ocrx_word' id='word_1_120' title='bbox 2342 1798 2398 1862; x_wconf 91' lang='lat' dir='ltr'><strong>si</strong></span> <span class='ocrx_word' id='word_1_121' title='bbox 2443 1797 2591 1882; x_wconf 85' lang='lat' dir='ltr'><strong>quis</strong></span> 
     </span>
     <span class='ocr_line' id='line_1_16' title="bbox 231 1901 2588 1987; baseline 0.001 -21"><span class='ocrx_word' id='word_1_122' title='bbox 231 1901 366 1967; x_wconf 90' lang='lat' dir='ltr'><strong>illis</strong></span> <span class='ocrx_word' id='word_1_123' title='bbox 413 1903 712 1969; x_wconf 89' lang='lat' dir='ltr'><strong>iniuriam</strong></span> <span class='ocrx_word' id='word_1_124' title='bbox 775 1907 887 1969; x_wconf 91' lang='lat' dir='ltr'><strong>aut</strong></span> <span class='ocrx_word' id='word_1_125' title='bbox 931 1904 1063 1969; x_wconf 85' lang='lat' dir='ltr'><strong>vim</strong></span> <span class='ocrx_word' id='word_1_126' title='bbox 1119 1904 1472 1986; x_wconf 81' lang='lat' dir='ltr'><strong>intulisset,</strong></span> <span class='ocrx_word' id='word_1_127' title='bbox 1523 1924 1588 1969; x_wconf 90' lang='lat' dir='ltr'><strong>se</strong></span> <span class='ocrx_word' id='word_1_128' title='bbox 1634 1903 1947 1987; x_wconf 90' lang='lat' dir='ltr'><strong>permissu</strong></span> <span class='ocrx_word' id='word_1_129' title='bbox 2014 1903 2175 1968; x_wconf 90' lang='lat' dir='ltr'><strong>iuris</strong></span> <span class='ocrx_word' id='word_1_130' title='bbox 2234 1904 2588 1969; x_wconf 89' lang='lat' dir='ltr'><strong>communis</strong></span> 
     </span>
     <span class='ocr_line' id='line_1_17' title="bbox 232 2007 1187 2094; baseline 0.003 -22"><span class='ocrx_word' id='word_1_131' title='bbox 232 2007 481 2075; x_wconf 90' lang='lat' dir='ltr'><strong>hostem</strong></span> <span class='ocrx_word' id='word_1_132' title='bbox 527 2014 928 2094; x_wconf 88' lang='lat' dir='ltr'><strong>persecutum</strong></span> <span class='ocrx_word' id='word_1_133' title='bbox 973 2011 1187 2078; x_wconf 88' lang='lat' dir='ltr'><strong>fuisse.</strong></span> 
     </span>
    </p>

    <p class='ocr_par' dir='ltr' id='par_1_3' title="bbox 232 2115 2881 4327">
     <span class='ocr_line' id='line_1_18' title="bbox 449 2115 2589 2200; baseline -0.001 -19"><span class='ocrx_word' id='word_1_134' title='bbox 449 2117 550 2181; x_wconf 92' lang='lat' dir='ltr'><strong>Ad</strong></span> <span class='ocrx_word' id='word_1_135' title='bbox 595 2117 747 2182; x_wconf 87' lang='grc'><strong>11333</strong></span> <span class='ocrx_word' id='word_1_136' title='bbox 796 2116 1146 2182; x_wconf 85' lang='lat' dir='ltr'><strong>consiliarii</strong></span> <span class='ocrx_word' id='word_1_137' title='bbox 1177 2137 1209 2182; x_wconf 95' lang='lat' dir='ltr'><strong>e</strong></span> <span class='ocrx_word' id='word_1_138' title='bbox 1242 2117 1520 2199; x_wconf 84' lang='lat' dir='ltr'><strong>capitulo</strong></span> <span class='ocrx_word' id='word_1_139' title='bbox 1565 2115 1890 2200; x_wconf 85' lang='lat' dir='ltr'><strong>deputati:</strong></span> <span class='ocrx_word' id='word_1_140' title='bbox 1941 2116 2018 2182; x_wconf 88' lang='lat' dir='ltr'><strong>Se</strong></span> <span class='ocrx_word' id='word_1_141' title='bbox 2056 2115 2403 2180; x_wconf 84' lang='lat' dir='ltr'><strong>etiamnum</strong></span> <span class='ocrx_word' id='word_1_142' title='bbox 2450 2115 2589 2180; x_wconf 86' lang='lat' dir='ltr'><strong>ani-</strong></span> 
     </span>
     <span class='ocr_line' id='line_1_19' title="bbox 232 2222 2583 2307; baseline 0 -22"><span class='ocrx_word' id='word_1_143' title='bbox 232 2222 623 2289; x_wconf 88' lang='lat' dir='ltr'><strong>madvertere</strong></span> <span class='ocrx_word' id='word_1_144' title='bbox 670 2224 918 2289; x_wconf 91' lang='lat' dir='ltr'><strong>senatui</strong></span> <span class='ocrx_word' id='word_1_145' title='bbox 964 2223 1414 2307; x_wconf 82' lang='lat' dir='ltr'><strong>praescriptam</strong></span> <span class='ocrx_word' id='word_1_146' title='bbox 1461 2223 1720 2305; x_wconf 89' lang='lat' dir='ltr'><strong>politiae</strong></span> <span class='ocrx_word' id='word_1_147' title='bbox 1759 2223 2027 2287; x_wconf 85' lang='lat' dir='ltr'><strong>formam</strong></span> <span class='ocrx_word' id='word_1_148' title='bbox 2071 2222 2402 2286; x_wconf 84' lang='lat' dir='ltr'><strong>molestam</strong></span> <span class='ocrx_word' id='word_1_149' title='bbox 2432 2240 2583 2304; x_wconf 91' lang='lat' dir='ltr'><strong>esse,</strong></span> 
     </span>
     <span class='ocr_line' id='line_1_20' title="bbox 236 2327 2589 2413; baseline 0 -21"><span class='ocrx_word' id='word_1_150' title='bbox 236 2346 382 2392; x_wconf 91' lang='lat' dir='ltr'><strong>cum</strong></span> <span class='ocrx_word' id='word_1_151' title='bbox 414 2331 626 2394; x_wconf 89' lang='lat' dir='ltr'><strong>tamen</strong></span> <span class='ocrx_word' id='word_1_152' title='bbox 657 2351 730 2395; x_wconf 83' lang='lat' dir='ltr'><strong>ex</strong></span> <span class='ocrx_word' id='word_1_153' title='bbox 762 2330 1192 2413; x_wconf 89' lang='lat' dir='ltr'><strong>superioribus</strong></span> <span class='ocrx_word' id='word_1_154' title='bbox 1234 2330 1387 2395; x_wconf 89' lang='lat' dir='ltr'><strong>satis</strong></span> <span class='ocrx_word' id='word_1_155' title='bbox 1432 2329 1814 2413; x_wconf 88' lang='lat' dir='ltr'><strong>cognoverit,</strong></span> <span class='ocrx_word' id='word_1_156' title='bbox 1863 2347 2022 2412; x_wconf 89' lang='lat' dir='ltr'><strong>quae</strong></span> <span class='ocrx_word' id='word_1_157' title='bbox 2065 2327 2417 2412; x_wconf 90' lang='lat' dir='ltr'><strong>principem</strong></span> <span class='ocrx_word' id='word_1_158' title='bbox 2450 2347 2589 2393; x_wconf 91' lang='lat' dir='ltr'><strong>eam</strong></span> 
     </span>
     <span class='ocr_line' id='line_1_21' title="bbox 237 2434 2589 2518; baseline 0.001 -21"><span class='ocrx_word' id='word_1_159' title='bbox 237 2434 662 2500; x_wconf 89' lang='lat' dir='ltr'><strong>constituendi</strong></span> <span class='ocrx_word' id='word_1_160' title='bbox 713 2455 901 2500; x_wconf 87' lang='lat' dir='ltr'><strong>causa</strong></span> <span class='ocrx_word' id='word_1_161' title='bbox 930 2436 1215 2515; x_wconf 84' lang='lat' dir='ltr'><strong>moverit,</strong></span> <span class='ocrx_word' id='word_1_162' title='bbox 1267 2455 1491 2518; x_wconf 90' lang='lat' dir='ltr'><strong>nempe</strong></span> <span class='ocrx_word' id='word_1_163' title='bbox 1536 2437 1612 2500; x_wconf 92' lang='lat' dir='ltr'><strong>ut</strong></span> <span class='ocrx_word' id='word_1_164' title='bbox 1657 2435 1955 2499; x_wconf 89' lang='lat' dir='ltr'><strong>seditioni</strong></span> <span class='ocrx_word' id='word_1_165' title='bbox 1997 2435 2100 2499; x_wconf 85' lang='lat' dir='ltr'><strong>via</strong></span> <span class='ocrx_word' id='word_1_166' title='bbox 2146 2434 2589 2517; x_wconf 87' lang='lat' dir='ltr'><strong>praecludatur</strong></span> 
     </span>
     <span class='ocr_line' id='line_1_22' title="bbox 236 2542 2587 2627; baseline 0.001 -23"><span class='ocrx_word' id='word_1_167' title='bbox 236 2542 301 2604; x_wconf 91' lang='lat' dir='ltr'><strong>et</strong></span> <span class='ocrx_word' id='word_1_168' title='bbox 346 2543 695 2624; x_wconf 88' lang='lat' dir='ltr'><strong>concordia,</strong></span> <span class='ocrx_word' id='word_1_169' title='bbox 744 2562 865 2627; x_wconf 82' lang='lat' dir='ltr'><strong>pax</strong></span> <span class='ocrx_word' id='word_1_170' title='bbox 909 2543 1466 2627; x_wconf 82' lang='lat' dir='ltr'><strong>tranquillitasque</strong></span> <span class='ocrx_word' id='word_1_171' title='bbox 1512 2542 1578 2607; x_wconf 91' lang='lat' dir='ltr'><strong>in</strong></span> <span class='ocrx_word' id='word_1_172' title='bbox 1624 2543 1782 2607; x_wconf 92' lang='lat' dir='ltr'><strong>urbe</strong></span> <span class='ocrx_word' id='word_1_173' title='bbox 1830 2545 2251 2608; x_wconf 87' lang='lat' dir='ltr'><strong>conservetur.</strong></span> <span class='ocrx_word' id='word_1_174' title='bbox 2320 2543 2415 2607; x_wconf 93' lang='lat' dir='ltr'><strong>Ac</strong></span> <span class='ocrx_word' id='word_1_175' title='bbox 2462 2543 2587 2607; x_wconf 89' lang='lat' dir='ltr'><strong>nisi</strong></span> 
     </span>
     <span class='ocr_line' id='line_1_23' title="bbox 237 2648 2588 2732; baseline 0.002 -22"><span class='ocrx_word' id='word_1_176' title='bbox 237 2650 488 2712; x_wconf 85' lang='lat' dir='ltr'><strong>senatus</strong></span> <span class='ocrx_word' id='word_1_177' title='bbox 536 2648 844 2731; x_wconf 89' lang='lat' dir='ltr'><strong>principis</strong></span> <span class='ocrx_word' id='word_1_178' title='bbox 891 2649 1259 2714; x_wconf 84' lang='lat' dir='ltr'><strong>auctoritati</strong></span> <span class='ocrx_word' id='word_1_179' title='bbox 1303 2649 1558 2713; x_wconf 83' lang='lat' dir='ltr'><strong>innixus</strong></span> <span class='ocrx_word' id='word_1_180' title='bbox 1590 2648 1660 2713; x_wconf 90' lang='lat' dir='ltr'><strong>in</strong></span> <span class='ocrx_word' id='word_1_181' title='bbox 1698 2649 1854 2713; x_wconf 89' lang='lat' dir='ltr'><strong>urbe</strong></span> <span class='ocrx_word' id='word_1_182' title='bbox 1886 2650 2080 2731; x_wconf 87' lang='lat' dir='ltr'><strong>regat,</strong></span> <span class='ocrx_word' id='word_1_183' title='bbox 2128 2649 2342 2731; x_wconf 87' lang='lat' dir='ltr'><strong>ipsum</strong></span> <span class='ocrx_word' id='word_1_184' title='bbox 2370 2668 2588 2732; x_wconf 88' lang='lat' dir='ltr'><strong>pacem</strong></span> 
     </span>
     <span class='ocr_line' id='line_1_24' title="bbox 239 2753 2589 2836; baseline 0.001 -20"><span class='ocrx_word' id='word_1_185' title='bbox 239 2753 303 2816; x_wconf 89' lang='lat' dir='ltr'><strong>et</strong></span> <span class='ocrx_word' id='word_1_186' title='bbox 345 2753 879 2836; x_wconf 83' lang='lat' dir='ltr'><strong>tranquillitatem</strong></span> <span class='ocrx_word' id='word_1_187' title='bbox 924 2773 1288 2819; x_wconf 84' lang='lat' dir='ltr'><strong>conservare</strong></span> <span class='ocrx_word' id='word_1_188' title='bbox 1334 2773 1458 2818; x_wconf 90' lang='lat' dir='ltr'><strong>non</strong></span> <span class='ocrx_word' id='word_1_189' title='bbox 1505 2773 1705 2835; x_wconf 86' lang='lat' dir='ltr'><strong>posse.</strong></span> <span class='ocrx_word' id='word_1_190' title='bbox 1770 2753 2042 2818; x_wconf 89' lang='lat' dir='ltr'><strong>Proinde</strong></span> <span class='ocrx_word' id='word_1_191' title='bbox 2089 2753 2345 2836; x_wconf 89' lang='lat' dir='ltr'><strong>regendi</strong></span> <span class='ocrx_word' id='word_1_192' title='bbox 2390 2753 2492 2818; x_wconf 88' lang='lat' dir='ltr'><strong>ius</strong></span> <span class='ocrx_word' id='word_1_193' title='bbox 2525 2756 2589 2819; x_wconf 91' lang='lat' dir='ltr'><strong>et</strong></span> 
     </span>
     <span class='ocr_line' id='line_1_25' title="bbox 239 2858 2587 2944; baseline 0.001 -21"><span class='ocrx_word' id='word_1_194' title='bbox 239 2858 679 2924; x_wconf 86' lang='lat' dir='ltr'><strong>auctoritatem</strong></span> <span class='ocrx_word' id='word_1_195' title='bbox 726 2879 762 2924; x_wconf 89' lang='lat' dir='ltr'><strong>a</strong></span> <span class='ocrx_word' id='word_1_196' title='bbox 805 2859 1089 2943; x_wconf 91' lang='lat' dir='ltr'><strong>principe</strong></span> <span class='ocrx_word' id='word_1_197' title='bbox 1135 2859 1422 2942; x_wconf 90' lang='lat' dir='ltr'><strong>pendere,</strong></span> <span class='ocrx_word' id='word_1_198' title='bbox 1472 2861 1660 2942; x_wconf 90' lang='lat' dir='ltr'><strong>atque</strong></span> <span class='ocrx_word' id='word_1_199' title='bbox 1706 2858 1783 2922; x_wconf 89' lang='lat' dir='ltr'><strong>ab</strong></span> <span class='ocrx_word' id='word_1_200' title='bbox 1832 2858 2049 2923; x_wconf 89' lang='lat' dir='ltr'><strong>eodem</strong></span> <span class='ocrx_word' id='word_1_201' title='bbox 2094 2858 2362 2924; x_wconf 88' lang='lat' dir='ltr'><strong>formam</strong></span> <span class='ocrx_word' id='word_1_202' title='bbox 2405 2880 2587 2944; x_wconf 87' lang='lat' dir='ltr'><strong>prae·</strong></span> 
     </span>
     <span class='ocr_line' id='line_1_26' title="bbox 241 2965 2881 3050; baseline 0.002 -22"><span class='ocrx_word' id='word_1_203' title='bbox 241 2965 432 3029; x_wconf 91' lang='lat' dir='ltr'><strong>scribi</strong></span> <span class='ocrx_word' id='word_1_204' title='bbox 501 2967 922 3032; x_wconf 87' lang='lat' dir='ltr'><strong>necessarium</strong></span> <span class='ocrx_word' id='word_1_205' title='bbox 987 2967 1203 3032; x_wconf 84' lang='lat' dir='ltr'><strong>fuisse.</strong></span> <span class='ocrx_word' id='word_1_206' title='bbox 1295 2965 1466 3031; x_wconf 73' lang='lat' dir='ltr'><strong>*Nec</strong></span> <span class='ocrx_word' id='word_1_207' title='bbox 1509 2966 1628 3031; x_wconf 88' lang='lat' dir='ltr'><strong>hoe</strong></span> <span class='ocrx_word' id='word_1_208' title='bbox 1677 2965 1882 3031; x_wconf 89' lang='lat' dir='ltr'><strong>solum</strong></span> <span class='ocrx_word' id='word_1_209' title='bbox 1927 2966 2008 3031; x_wconf 89' lang='lat' dir='ltr'><strong>ad</strong></span> <span class='ocrx_word' id='word_1_210' title='bbox 2051 2967 2588 3050; x_wconf 87' lang='lat' dir='ltr'><strong>tranquillitatem</strong></span> <span class='ocrx_word' id='word_1_211' title='bbox 2614 2977 2708 3049; x_wconf 65' lang='grc' dir='ltr'><strong>ἰ).</strong></span> <span class='ocrx_word' id='word_1_212' title='bbox 2746 2978 2881 3034; x_wconf 73' lang='grc'><strong>649,</strong></span> 
     </span>
     <span class='ocr_line' id='line_1_27' title="bbox 240 3072 2586 3157; baseline 0.002 -23"><span class='ocrx_word' id='word_1_213' title='bbox 240 3072 417 3136; x_wconf 87' lang='grc'><strong>1111113</strong></span> <span class='ocrx_word' id='word_1_214' title='bbox 463 3072 692 3155; x_wconf 83' lang='lat' dir='ltr'><strong>facere,</strong></span> <span class='ocrx_word' id='word_1_215' title='bbox 765 3074 929 3157; x_wconf 91' lang='lat' dir='ltr'><strong>quod</strong></span> <span class='ocrx_word' id='word_1_216' title='bbox 977 3074 1279 3157; x_wconf 91' lang='lat' dir='ltr'><strong>opificum</strong></span> <span class='ocrx_word' id='word_1_217' title='bbox 1326 3074 1535 3138; x_wconf 88' lang='lat' dir='ltr'><strong>curiae</strong></span> <span class='ocrx_word' id='word_1_218' title='bbox 1583 3093 1707 3137; x_wconf 93' lang='lat' dir='ltr'><strong>non</strong></span> <span class='ocrx_word' id='word_1_219' title='bbox 1755 3072 2177 3137; x_wconf 89' lang='lat' dir='ltr'><strong>admittantur</strong></span> <span class='ocrx_word' id='word_1_220' title='bbox 2222 3075 2286 3137; x_wconf 93' lang='lat' dir='ltr'><strong>et</strong></span> <span class='ocrx_word' id='word_1_221' title='bbox 2330 3075 2586 3138; x_wconf 89' lang='lat' dir='ltr'><strong>senatus</strong></span> 
     </span>
     <span class='ocr_line' id='line_1_28' title="bbox 240 3177 2585 3264; baseline 0.001 -23"><span class='ocrx_word' id='word_1_222' title='bbox 240 3197 279 3241; x_wconf 92' lang='grc'><strong>3</strong></span> <span class='ocrx_word' id='word_1_223' title='bbox 304 3177 588 3262; x_wconf 86' lang='lat' dir='ltr'><strong>principe</strong></span> <span class='ocrx_word' id='word_1_224' title='bbox 635 3180 1059 3246; x_wconf 90' lang='lat' dir='ltr'><strong>constituatur</strong></span> <span class='ocrx_word' id='word_1_225' title='bbox 1102 3183 1635 3264; x_wconf 86' lang='lat' dir='ltr'><strong>removeaturque‚</strong></span> <span class='ocrx_word' id='word_1_226' title='bbox 1685 3199 1832 3244; x_wconf 92' lang='lat' dir='ltr'><strong>cum</strong></span> <span class='ocrx_word' id='word_1_227' title='bbox 1863 3199 1936 3244; x_wconf 82' lang='lat' dir='ltr'><strong>ex</strong></span> <span class='ocrx_word' id='word_1_228' title='bbox 1967 3179 2398 3262; x_wconf 90' lang='lat' dir='ltr'><strong>superioribus</strong></span> <span class='ocrx_word' id='word_1_229' title='bbox 2432 3180 2585 3245; x_wconf 89' lang='lat' dir='ltr'><strong>satis</strong></span> 
     </span>
     <span class='ocr_line' id='line_1_29' title="bbox 241 3284 2583 3370; baseline 0.001 -21"><span class='ocrx_word' id='word_1_230' title='bbox 241 3304 549 3370; x_wconf 87' lang='lat' dir='ltr'><strong>superque</strong></span> <span class='ocrx_word' id='word_1_231' title='bbox 595 3286 1039 3369; x_wconf 83' lang='lat' dir='ltr'><strong>intellexerint,</strong></span> <span class='ocrx_word' id='word_1_232' title='bbox 1089 3287 1163 3368; x_wconf 90' lang='lat' dir='ltr'><strong>si,</strong></span> <span class='ocrx_word' id='word_1_233' title='bbox 1212 3289 1288 3352; x_wconf 93' lang='lat' dir='ltr'><strong>ut</strong></span> <span class='ocrx_word' id='word_1_234' title='bbox 1331 3286 1671 3369; x_wconf 89' lang='lat' dir='ltr'><strong>imperium</strong></span> <span class='ocrx_word' id='word_1_235' title='bbox 1720 3285 2016 3366; x_wconf 82' lang='lat' dir='ltr'><strong>decrevit,</strong></span> <span class='ocrx_word' id='word_1_236' title='bbox 2084 3284 2406 3351; x_wconf 87' lang='lat' dir='ltr'><strong>restitutio</strong></span> <span class='ocrx_word' id='word_1_237' title='bbox 2452 3285 2583 3367; x_wconf 88' lang='lat' dir='ltr'><strong>fiat,</strong></span> 
     </span>
     <span class='ocr_line' id='line_1_30' title="bbox 239 3391 2588 3477; baseline 0 -22"><span class='ocrx_word' id='word_1_238' title='bbox 239 3393 486 3475; x_wconf 91' lang='lat' dir='ltr'><strong>plebem</strong></span> <span class='ocrx_word' id='word_1_239' title='bbox 535 3392 1040 3459; x_wconf 89' lang='lat' dir='ltr'><strong>existimaturam</strong></span> <span class='ocrx_word' id='word_1_240' title='bbox 1109 3394 1233 3459; x_wconf 90' lang='lat' dir='ltr'><strong>sibi</strong></span> <span class='ocrx_word' id='word_1_241' title='bbox 1279 3393 1495 3459; x_wconf 89' lang='lat' dir='ltr'><strong>eodem</strong></span> <span class='ocrx_word' id='word_1_242' title='bbox 1564 3411 1811 3477; x_wconf 87' lang='lat' dir='ltr'><strong>quoque</strong></span> <span class='ocrx_word' id='word_1_243' title='bbox 1858 3391 2104 3456; x_wconf 90' lang='lat' dir='ltr'><strong>decreto</strong></span> <span class='ocrx_word' id='word_1_244' title='bbox 2150 3391 2357 3457; x_wconf 89' lang='lat' dir='ltr'><strong>curias</strong></span> <span class='ocrx_word' id='word_1_245' title='bbox 2405 3392 2588 3475; x_wconf 91' lang='lat' dir='ltr'><strong>opifi-</strong></span> 
     </span>
     <span class='ocr_line' id='line_1_31' title="bbox 242 3498 2589 3584; baseline 0.001 -23"><span class='ocrx_word' id='word_1_246' title='bbox 242 3516 384 3562; x_wconf 91' lang='lat' dir='ltr'><strong>cum</strong></span> <span class='ocrx_word' id='word_1_247' title='bbox 429 3498 631 3564; x_wconf 89' lang='lat' dir='ltr'><strong>facere</strong></span> <span class='ocrx_word' id='word_1_248' title='bbox 677 3499 1236 3584; x_wconf 85' lang='lat' dir='ltr'><strong>conventiculaque</strong></span> <span class='ocrx_word' id='word_1_249' title='bbox 1281 3500 1512 3564; x_wconf 89' lang='lat' dir='ltr'><strong>habere</strong></span> <span class='ocrx_word' id='word_1_250' title='bbox 1557 3499 1941 3583; x_wconf 90' lang='lat' dir='ltr'><strong>permissum</strong></span> <span class='ocrx_word' id='word_1_251' title='bbox 1985 3517 2136 3579; x_wconf 88' lang='lat' dir='ltr'><strong>esse,</strong></span> <span class='ocrx_word' id='word_1_252' title='bbox 2207 3498 2471 3583; x_wconf 91' lang='lat' dir='ltr'><strong>ideoque</strong></span> <span class='ocrx_word' id='word_1_253' title='bbox 2518 3518 2589 3563; x_wconf 88' lang='lat' dir='ltr'><strong>ea</strong></span> 
     </span>
     <span class='ocr_line' id='line_1_32' title="bbox 242 3605 2585 3690; baseline 0.001 -22"><span class='ocrx_word' id='word_1_254' title='bbox 242 3605 450 3670; x_wconf 85' lang='lat' dir='ltr'><strong>omnia</strong></span> <span class='ocrx_word' id='word_1_255' title='bbox 494 3625 531 3670; x_wconf 90' lang='lat' dir='ltr'><strong>a</strong></span> <span class='ocrx_word' id='word_1_256' title='bbox 575 3609 798 3671; x_wconf 88' lang='lat' dir='ltr'><strong>senatu</strong></span> <span class='ocrx_word' id='word_1_257' title='bbox 843 3607 913 3671; x_wconf 91' lang='lat' dir='ltr'><strong>in</strong></span> <span class='ocrx_word' id='word_1_258' title='bbox 957 3606 1304 3690; x_wconf 88' lang='lat' dir='ltr'><strong>pristinum</strong></span> <span class='ocrx_word' id='word_1_259' title='bbox 1373 3608 1613 3671; x_wconf 86' lang='lat' dir='ltr'><strong>statum</strong></span> <span class='ocrx_word' id='word_1_260' title='bbox 1680 3605 1977 3670; x_wconf 89' lang='lat' dir='ltr'><strong>restituto</strong></span> <span class='ocrx_word' id='word_1_261' title='bbox 2047 3605 2449 3670; x_wconf 84' lang='lat' dir='ltr'><strong>extorturam.</strong></span> <span class='ocrx_word' id='word_1_262' title='bbox 2501 3643 2585 3653; x_wconf 92' lang='grc'>-</span> 
     </span>
     <span class='ocr_line' id='line_1_33' title="bbox 241 3710 2591 3795; baseline -0 -18"><span class='ocrx_word' id='word_1_263' title='bbox 241 3710 340 3777; x_wconf 86' lang='lat' dir='ltr'><strong>Ad</strong></span> <span class='ocrx_word' id='word_1_264' title='bbox 385 3711 481 3793; x_wconf 88' lang='lat' dir='ltr'><strong>id,</strong></span> <span class='ocrx_word' id='word_1_265' title='bbox 530 3712 699 3795; x_wconf 92' lang='lat' dir='ltr'><strong>quod</strong></span> <span class='ocrx_word' id='word_1_266' title='bbox 744 3732 782 3777; x_wconf 89' lang='lat' dir='ltr'><strong>a</strong></span> <span class='ocrx_word' id='word_1_267' title='bbox 827 3718 1050 3779; x_wconf 90' lang='lat' dir='ltr'><strong>senatu</strong></span> <span class='ocrx_word' id='word_1_268' title='bbox 1113 3713 1414 3794; x_wconf 83' lang='lat' dir='ltr'><strong>adfertur,</strong></span> <span class='ocrx_word' id='word_1_269' title='bbox 1463 3712 1520 3777; x_wconf 88' lang='lat' dir='ltr'><strong>si</strong></span> <span class='ocrx_word' id='word_1_270' title='bbox 1564 3712 1974 3795; x_wconf 89' lang='lat' dir='ltr'><strong>privilegium</strong></span> <span class='ocrx_word' id='word_1_271' title='bbox 2018 3711 2083 3776; x_wconf 90' lang='lat' dir='ltr'><strong>et</strong></span> <span class='ocrx_word' id='word_1_272' title='bbox 2126 3710 2389 3776; x_wconf 89' lang='lat' dir='ltr'><strong>libertas</strong></span> <span class='ocrx_word' id='word_1_273' title='bbox 2459 3710 2591 3776; x_wconf 89' lang='lat' dir='ltr'><strong>sint</strong></span> 
     </span>
     <span class='ocr_line' id='line_1_34' title="bbox 241 3815 2592 3901; baseline -0.001 -18"><span class='ocrx_word' id='word_1_274' title='bbox 241 3836 461 3883; x_wconf 89' lang='lat' dir='ltr'><strong>causae</strong></span> <span class='ocrx_word' id='word_1_275' title='bbox 491 3821 718 3900; x_wconf 87' lang='lat' dir='ltr'><strong>motus,</strong></span> <span class='ocrx_word' id='word_1_276' title='bbox 768 3819 1014 3883; x_wconf 86' lang='lat' dir='ltr'><strong>nullam</strong></span> <span class='ocrx_word' id='word_1_277' title='bbox 1044 3818 1522 3883; x_wconf 84' lang='lat' dir='ltr'><strong>universitatem</strong></span> <span class='ocrx_word' id='word_1_278' title='bbox 1569 3815 1976 3901; x_wconf 83' lang='lat' dir='ltr'><strong>quantumvis</strong></span> <span class='ocrx_word' id='word_1_279' title='bbox 2022 3835 2302 3900; x_wconf 86' lang='lat' dir='ltr'><strong>parvam,</strong></span> <span class='ocrx_word' id='word_1_280' title='bbox 2350 3816 2478 3880; x_wconf 89' lang='lat' dir='ltr'><strong>imo</strong></span> <span class='ocrx_word' id='word_1_281' title='bbox 2509 3835 2592 3880; x_wconf 91' lang='lat' dir='ltr'><strong>ne</strong></span> 
     </span>
     <span class='ocr_line' id='line_1_35' title="bbox 239 3922 2590 4009; baseline -0.001 -21"><span class='ocrx_word' id='word_1_282' title='bbox 239 3924 625 4008; x_wconf 84' lang='lat' dir='ltr'><strong>Telgeticam</strong></span> <span class='ocrx_word' id='word_1_283' title='bbox 672 3925 926 4009; x_wconf 88' lang='lat' dir='ltr'><strong>quidem</strong></span> <span class='ocrx_word' id='word_1_284' title='bbox 973 3924 1430 4008; x_wconf 88' lang='lat' dir='ltr'><strong>rempublicam</strong></span> <span class='ocrx_word' id='word_1_285' title='bbox 1463 3943 1499 3988; x_wconf 88' lang='lat' dir='ltr'><strong>a</strong></span> <span class='ocrx_word' id='word_1_286' title='bbox 1528 3926 1708 3989; x_wconf 92' lang='lat' dir='ltr'><strong>motu</strong></span> <span class='ocrx_word' id='word_1_287' title='bbox 1754 3922 1886 3989; x_wconf 84' lang='lat' dir='ltr'><strong>fore</strong></span> <span class='ocrx_word' id='word_1_288' title='bbox 1914 3924 2284 4004; x_wconf 89' lang='lat' dir='ltr'><strong>immunem,</strong></span> <span class='ocrx_word' id='word_1_289' title='bbox 2332 3941 2590 4005; x_wconf 89' lang='lat' dir='ltr'><strong>respon-</strong></span> 
     </span>
     <span class='ocr_line' id='line_1_36' title="bbox 243 4027 2590 4110; baseline -0.001 -16"><span class='ocrx_word' id='word_1_290' title='bbox 243 4029 454 4096; x_wconf 86' lang='lat' dir='ltr'><strong>detur:</strong></span> <span class='ocrx_word' id='word_1_291' title='bbox 514 4031 679 4095; x_wconf 88' lang='lat' dir='ltr'><strong>illud</strong></span> <span class='ocrx_word' id='word_1_292' title='bbox 727 4030 833 4096; x_wconf 91' lang='lat' dir='ltr'><strong>hic</strong></span> <span class='ocrx_word' id='word_1_293' title='bbox 878 4032 1090 4097; x_wconf 92' lang='lat' dir='ltr'><strong>locum</strong></span> <span class='ocrx_word' id='word_1_294' title='bbox 1149 4050 1273 4096; x_wconf 92' lang='lat' dir='ltr'><strong>non</strong></span> <span class='ocrx_word' id='word_1_295' title='bbox 1322 4031 1570 4110; x_wconf 89' lang='lat' dir='ltr'><strong>habere,</strong></span> <span class='ocrx_word' id='word_1_296' title='bbox 1620 4029 1676 4094; x_wconf 91' lang='lat' dir='ltr'><strong>si</strong></span> <span class='ocrx_word' id='word_1_297' title='bbox 1721 4049 1869 4094; x_wconf 87' lang='grc'><strong>311111</strong></span> <span class='ocrx_word' id='word_1_298' title='bbox 1914 4028 2398 4094; x_wconf 86' lang='lat' dir='ltr'><strong>Monasteriensi</strong></span> <span class='ocrx_word' id='word_1_299' title='bbox 2443 4027 2590 4092; x_wconf 90' lang='lat' dir='ltr'><strong>uni-</strong></span> 
     </span>
     <span class='ocr_line' id='line_1_37' title="bbox 241 4133 2593 4221; baseline -0.002 -18"><span class='ocrx_word' id='word_1_300' title='bbox 241 4137 537 4203; x_wconf 81' lang='lat' dir='ltr'><strong>versitate</strong></span> <span class='ocrx_word' id='word_1_301' title='bbox 581 4137 957 4221; x_wconf 87' lang='lat' dir='ltr'><strong>eonferatur,</strong></span> <span class='ocrx_word' id='word_1_302' title='bbox 1020 4137 1203 4202; x_wconf 88' lang='lat' dir='ltr'><strong>cuius</strong></span> <span class='ocrx_word' id='word_1_303' title='bbox 1250 4136 1477 4203; x_wconf 88' lang='lat' dir='ltr'><strong>seditio</strong></span> <span class='ocrx_word' id='word_1_304' title='bbox 1538 4155 1665 4202; x_wconf 90' lang='lat' dir='ltr'><strong>non</strong></span> <span class='ocrx_word' id='word_1_305' title='bbox 1711 4136 1848 4200; x_wconf 90' lang='lat' dir='ltr'><strong>sine</strong></span> <span class='ocrx_word' id='word_1_306' title='bbox 1893 4154 2121 4219; x_wconf 84' lang='lat' dir='ltr'><strong>magno</strong></span> <span class='ocrx_word' id='word_1_307' title='bbox 2167 4133 2477 4218; x_wconf 89' lang='lat' dir='ltr'><strong>principis</strong></span> <span class='ocrx_word' id='word_1_308' title='bbox 2523 4137 2593 4198; x_wconf 85' lang='lat' dir='ltr'><strong>et</strong></span> 
     </span>
     <span class='ocr_line' id='line_1_38' title="bbox 238 4241 2593 4327; baseline -0.002 -18"><span class='ocrx_word' id='word_1_309' title='bbox 238 4244 437 4310; x_wconf 86' lang='lat' dir='ltr'><strong>totius</strong></span> <span class='ocrx_word' id='word_1_310' title='bbox 467 4244 769 4311; x_wconf 88' lang='lat' dir='ltr'><strong>dioecesis</strong></span> <span class='ocrx_word' id='word_1_311' title='bbox 806 4244 1201 4310; x_wconf 89' lang='lat' dir='ltr'><strong>incommodo</strong></span> <span class='ocrx_word' id='word_1_312' title='bbox 1233 4244 1523 4327; x_wconf 89' lang='lat' dir='ltr'><strong>componi</strong></span> <span class='ocrx_word' id='word_1_313' title='bbox 1554 4242 1777 4326; x_wconf 89' lang='lat' dir='ltr'><strong>possit,</strong></span> <span class='ocrx_word' id='word_1_314' title='bbox 1808 4242 2167 4326; x_wconf 82' lang='lat' dir='ltr'><strong>Telgeticus</strong></span> <span class='ocrx_word' id='word_1_315' title='bbox 2198 4260 2345 4306; x_wconf 83' lang='lat' dir='ltr'><strong>vero</strong></span> <span class='ocrx_word' id='word_1_316' title='bbox 2374 4241 2593 4306; x_wconf 86' lang='lat' dir='ltr'><strong>motus</strong></span> 
     </span>
    </p>
   </div>
   <div class='ocr_carea' id='block_1_3' title="bbox 60 477 80 1023">
    <p class='ocr_par' dir='ltr' id='par_1_4' title="bbox 60 477 80 1023">
     <span class='ocr_line' id='line_1_39' title="bbox 60 477 80 1023; textangle 90"><span class='ocrx_word' id='word_1_317' title='bbox 69 1015 80 1023; x_wconf 79' lang='grc' dir='ltr'>ι</span> <span class='ocrx_word' id='word_1_318' title='bbox 61 966 62 971; x_wconf 45' lang='lat'><em>⁴</em></span> <span class='ocrx_word' id='word_1_319' title='bbox 61 908 80 951; x_wconf 64' lang='grc' dir='ltr'><strong>ΓΙ</strong></span> <span class='ocrx_word' id='word_1_320' title='bbox 60 800 78 845; x_wconf 65' lang='grc' dir='ltr'><strong>ἶΊ</strong></span> <span class='ocrx_word' id='word_1_321' title='bbox 61 692 78 735; x_wconf 56' lang='lat' dir='ltr'><strong>F!</strong></span> <span class='ocrx_word' id='word_1_322' title='bbox 60 586 72 629; x_wconf 59' lang='grc' dir='ltr'><strong>Γ·</strong></span> <span class='ocrx_word' id='word_1_323' title='bbox 60 477 80 519; x_wconf 63' lang='lat' dir='ltr'><strong>&#39;f‘-</strong></span> 
     </span>
    </p>
   </div>
  </div>
 </body>
</html>
