3259 5075
659 210 790 275 906
1520 208 1706 272 Anno
1761 210 1924 272 1541
1975 209 2133 273 acta.

659 403 845 469 quam
878 383 1144 465 civitati,
1194 382 1319 448 nisi
1350 383 1520 448 Deus
1552 382 1903 464 avertisset,
1950 402 2140 467 grave
2170 383 2640 448 incommodum
2671 384 3050 449 attulisset.

657 491 745 556 Ut
789 509 935 574 ergo
998 490 1148 555 talis
1196 489 1514 554 contentio
1559 489 1628 552 in
1675 493 2000 571 posterum
2045 489 2339 570 evitetur,
2402 489 2663 555 modum
2710 492 2780 554 et
2829 491 3048 555 ratio-

656 615 803 660 nem
847 614 982 660 esse
1013 594 1149 660 eius
1195 593 1658 659 inveniendam.
1730 593 2058 658 Praeterea
2104 596 2393 660 senatum
2425 614 2551 660 non
2582 596 2804 676 latere,
2862 596 3048 679 quod

656 701 823 766 cives
883 700 1289 784 gograviatus
1334 699 1609 765 Sendani
1675 700 1815 764 iure
1861 700 2080 764 confisi
2128 701 2511 766 Monasterio
2581 702 2928 784 eruperint
2980 704 3050 768 et

655 808 725 871 in
769 806 1076 890 principis
1120 805 1626 871 iurisdictionem
1670 805 1994 886 irruerint,
2044 806 2110 869 vi
2139 807 2273 870 tam
2307 807 2551 871 nobiles
2595 827 2793 891 quam
2845 808 3043 891 igne-

653 913 816 978 biles
849 912 1130 995 ceperint
1168 913 1354 995 atque
1382 911 1454 976 in
1482 911 1708 976 urbem
1739 930 1950 975 secum
1981 911 2375 992 abduxerint,
2427 913 2613 996 quod,
2657 933 2816 978 cum
2848 915 3041 997 prin·

655 1019 815 1102 cipis
862 1017 1368 1083 iurisdictionem
1414 1016 1707 1096 violaret,
1777 1017 2028 1082 civitati
2073 1014 2336 1082 minime
2380 1017 2637 1084 licuisse
2685 1038 2752 1084 se
2803 1020 3038 1085 existi-

654 1145 860 1207 mare3
908 1124 1077 1189 unde
1122 1123 1472 1207 plurimum
1507 1123 1758 1188 dissidii
1790 1126 1855 1188 et
1899 1123 2322 1189 contentionis
2370 1143 2553 1207 saepe
2584 1127 2885 1190 exortum
2919 1126 3034 1191 sit.

653 1233 747 1297 Ne
794 1235 1005 1297 autem
1071 1230 1240 1295 idem
1287 1230 1454 1295 inter
1498 1229 1670 1293 hunc
1721 1230 2073 1312 principem
2142 1229 2444 1314 illiusque
2513 1248 2916 1296 successores
2965 1234 3038 1295 et

654 1338 977 1402 civitatem
1047 1336 1399 1420 contingat,
1463 1336 1519 1400 si
1565 1337 1807 1400 ratione
1875 1335 2279 1419 gograviatus
2350 1336 2624 1401 Sendani
2688 1337 2899 1418 cives,
2951 1340 3038 1402 ut

652 1443 1017 1509 factitatum
1048 1442 1151 1522 sit,
1201 1441 1269 1506 in
1299 1441 1606 1524 principis
1654 1441 2162 1507 iurisdictionem
2200 1443 2524 1524 irruerint,
2573 1442 2845 1507 modum
2879 1444 3034 1526 paci

653 1569 787 1615 esse
832 1547 1280 1634 quaerendum.

864 1657 1019 1721 Post
1077 1653 1593 1719 deliberationem
1665 1655 1949 1719 habitam
1995 1654 2520 1719 Monasterienses
2591 1654 3031 1736 respondent:

649 1761 845 1828 Nullo
892 1780 957 1825 se
1001 1760 1185 1825 modo
1231 1760 1498 1824 formam
1546 1759 1724 1824 illam
1771 1760 2098 1843 politicam
2138 1778 2176 1823 a
2219 1759 2506 1844 principe
2551 1760 3034 1844 praescriptam

650 1867 1067 1947 admissuros3
1139 1865 1264 1930 sibi
1312 1866 1481 1930 enim
1547 1866 1953 1932 temerarium
2012 1865 2213 1932 istum
2257 1885 2631 1932 consensum
2673 1867 2858 1950 apud
2908 1886 3030 1950 po-

652 1976 848 2039 steros
911 1972 1405 2056 ignominiosum
1450 1972 1608 2053 fore,
1683 1992 1804 2055 quo
1852 1972 2039 2055 culpa
2081 1972 2396 2038 maiorum
2442 1991 2700 2038 suorum
2747 1972 2821 2036 in
2872 1991 3028 2055 per-

648 2082 907 2164 petuam
967 2078 1340 2144 servitutem
1386 2078 1517 2142 sint
1574 2078 1996 2161 praecipitati.
2093 2078 2170 2143 Se
2216 2097 2363 2162 ergo
2409 2097 2655 2162 rogare,
2703 2080 2781 2142 ut
2827 2078 3026 2142 abdi-

649 2186 964 2251 cationem
1007 2185 1359 2249 officiorum
1407 2203 1666 2248 suorum
1713 2203 1747 2248 a
1794 2183 2081 2267 principe
2142 2185 2489 2268 impetrent
2550 2184 2838 2267 aliosque
2889 2184 3026 2248 sibi

649 2292 876 2357 amotis
922 2291 1335 2356 substituant.
1401 2291 1478 2356 Se
1523 2291 1692 2354 enim
1738 2289 1803 2353 id
1854 2290 2015 2355 ferre
2061 2309 2261 2374 posse,
2311 2310 2458 2355 cum
2502 2290 2669 2355 nihil
2719 2291 2848 2355 nisi
2898 2291 3022 2355 ho·

649 2399 826 2462 nesta
871 2399 935 2461 et
981 2396 1175 2477 iusta,
1248 2415 1472 2479 nempe
1519 2396 2000 2479 privilegiorum
2047 2399 2111 2461 et
2155 2396 2530 2462 libertatum
2596 2396 3021 2480 antiquarum

649 2502 1203 2588 recuperationem,
1251 2503 1730 2587 postulaverint.
1826 2502 2009 2583 Quod
2054 2504 2265 2568 autem
2323 2502 2661 2569 consilium
2708 2523 2747 2568 a
2792 2522 2861 2568 se
2912 2503 3015 2568 in-

649 2610 1005 2675 stituendae
1052 2611 1255 2674 certae
1286 2609 1522 2674 formae
1567 2610 1863 2692 politicae
1912 2612 2190 2692 poscant,
2241 2629 2305 2674 se
2338 2610 2524 2692 illud,
2575 2630 2722 2674 cum
2751 2611 3015 2676 consilii

645 2716 862 2798 inopes
911 2716 1058 2798 sint,
1107 2734 1332 2798 negare
1379 2720 1681 2798 oportere.
1745 2717 1883 2781 Sibi
1931 2719 2139 2781 tamen
2189 2717 2348 2782 utile
2395 2717 2617 2798 videri,
2669 2719 2745 2781 ut
2793 2719 3015 2782 curiae

647 2823 945 2906 opificum
992 2840 1330 2905 eorumque
1389 2822 1825 2886 conventicula
1872 2822 2301 2905 reprimantur
2358 2842 2562 2906 neque
2605 2843 2894 2907 unquam
2942 2823 3010 2887 in

644 2929 868 2994 urbem
914 2929 1302 3013 recipiantur
1346 2933 1411 2992 et
1457 2948 1643 3012 penes
1688 2929 2041 3012 principem
2088 2928 2174 2993 sit
2205 2930 2523 2994 senatores
2571 2929 3010 2994 constituendi

646 3035 1127 3118 removendique
1173 3034 1548 3115 auctoritas;
1597 3035 1689 3098 ita
1721 3035 1891 3099 enim
1936 3033 2244 3116 futurum,
2295 3037 2371 3100 ut
2416 3036 2629 3101 minus
2664 3036 3004 3101 seditionis

645 3141 714 3206 in
759 3142 916 3205 urbe
961 3140 1286 3205 excitetur.
1359 3139 1496 3205 *Ad
1542 3141 1609 3204 id
1656 3141 1866 3221 etiam,
1914 3140 2084 3224 quod
2129 3140 2476 3206 adductum
2524 3143 2628 3224 sit,
2680 3142 3006 3208 restitutis

645 3247 998 3331 privilegiis
1045 3249 1109 3311 et
1153 3246 1557 3311 libertatibus
1625 3247 1916 3329 pristinis
1965 3246 2351 3330 superiorem
2420 3249 2850 3328 rebellionem,
2903 3250 3007 3314 in-

644 3352 1065 3419 obedientiam
1110 3355 1175 3417 et
1220 3351 1594 3417 seditionem
1660 3353 1959 3416 adversus
2021 3352 2471 3436 magistratum
2530 3373 2663 3418 esse
2708 3357 3004 3420 metuen-

643 3460 816 3541 dam,
865 3478 930 3524 se
973 3458 1379 3542 respondere:
1445 3458 1502 3522 si
1546 3458 1954 3541 privilegium
2000 3460 2065 3523 et
2108 3457 2372 3524 libertas
2439 3460 2571 3525 sint
2632 3459 3002 3526 rebellionis

642 3584 884 3647 causae,
933 3564 1183 3648 nullum
1214 3563 1571 3648 collegium,
1622 3565 1866 3629 nullam
1897 3564 2418 3631 communitatem
2446 3566 2820 3650 nullamque
2851 3568 3004 3632 uni-

643 3670 1006 3736 versitatem
1037 3687 1074 3734 a
1104 3669 1410 3734 seditione
1456 3687 1590 3734 esse
1636 3670 1925 3750 alienam,
1974 3672 2039 3734 et
2067 3669 2403 3754 Telgetum
2447 3672 2826 3756 oppidulum
2873 3693 2999 3738 non

640 3778 776 3843 tam
821 3796 954 3842 esse
1000 3794 1216 3859 expers
1261 3776 1490 3856 motae,
1539 3794 1731 3858 quam
1777 3775 2252 3841 Monasterium.
2289 3814 2374 3824 —
2412 3774 2736 3855 Quantum
2783 3782 2998 3845 autem

641 3883 722 3949 ad
765 3881 1272 3949 iurisdictionem
1315 3881 1630 3965 pertineat
1652 3886 1689 3964 ¹,
1739 3882 1901 3947 hanc
1947 3881 2142 3947 fuisse
2188 3884 2515 3966 rationem,
2588 3884 2759 3968 quod
2804 3905 2996 3969 penes

640 3990 994 4075 principem
1041 3989 1420 4054 constituere
1466 3989 1567 4052 vel
1612 4008 1927 4053 removere
1972 3988 2251 4055 iudicem
2293 3990 2521 4072 fuerit3
2592 3994 2658 4056 et
2703 3992 2762 4057 si
2807 4010 2995 4075 quem

640 4098 720 4162 ob
765 4097 1083 4181 flagitium
1114 4095 1256 4180 capi
1285 4094 1674 4178 contigisset,
1723 4095 1935 4178 ipsum
1968 4095 2036 4159 in
2067 4095 2508 4162 criminalibus
2553 4116 2669 4179 per
2702 4101 2993 4165 senatum

855 4290 899 4360 ¹)
934 4289 1061 4362 Vgl.
1099 4306 1221 4345 zum
1254 4288 1568 4360 Folgenden
1605 4289 1747 4344 auch
1784 4290 1921 4344 oben
1961 4288 2016 4345 S.
2052 4288 2123 4343 93
2139 4288 2197 4344 ff.
2236 4289 2347 4344 und
2383 4289 2474 4345 die
2510 4290 2854 4363 Einleitung.
