3259 5075
600 294 731 359 862
1461 290 1644 356 Anno
1699 290 1869 356 1535
1915 291 2073 354 acta.

599 468 917 552 plerisque
962 468 1091 532 iam
1123 467 1538 532 exauctoratis
1571 466 1738 546 cives
1770 484 2018 549 quoque
2049 466 2129 529 ab
2160 465 2345 529 exilio
2382 464 2462 528 ad
2504 464 2743 546 patrias
2779 464 2961 529 sedes

600 574 835 639 reversi
897 576 1070 639 extra
1140 576 1387 656 portam
1433 572 1609 636 urbis
1681 571 2110 636 Horsthanam
2177 572 2536 652 evocantur,
2586 573 2651 635 et
2696 571 2774 634 ab
2821 571 2962 634 illis

599 680 1042 746 iusiurandum
1088 699 1322 745 novum
1369 678 1663 762 exigitur.
1758 677 1867 742 1111
1913 696 2057 741 vero
2107 696 2170 741 se
2218 677 2419 741 veteri
2485 677 2838 741 iuramento
2886 676 2962 741 in

599 787 1083 870 inauguratione
1149 785 1450 869 praestito
1512 784 1788 868 principi
1837 783 2149 867 obligatos
2196 802 2330 848 esse
2375 785 2439 847 et
2486 781 2579 846 ita
2623 782 2840 847 eodem
2890 801 2961 847 se

599 894 802 958 teneri
864 893 1269 977 respondent,
1342 892 1417 955 ut
1460 910 1619 955 novo
1667 910 1792 955 non
1840 889 1924 954 sit
1971 908 2146 972 opus.
2242 889 2341 953 Ad
2392 906 2545 968 quae
2606 888 2963 953 consiliarii

600 1000 943 1083 principis:
1016 999 1184 1082 ipsos
1247 997 1535 1080 superius
1597 998 2025 1063 iuramentum
2071 996 2363 1075 violasse,
2430 1014 2551 1077 quo
2601 994 2963 1059 custodiam

601 1107 777 1170 urbis
825 1105 1336 1170 Monasteriensis
1383 1104 1449 1168 in
1482 1104 1832 1169 utilitatem
1878 1104 2187 1186 principis
2227 1105 2291 1167 et
2335 1102 2533 1167 totius
2581 1102 2822 1185 patriae
2856 1121 2961 1166 re—

599 1211 898 1294 ceperint,
949 1211 1054 1275 sed
1103 1230 1239 1275 eam
1283 1211 1377 1275 ita
1408 1210 1817 1290 deseruerint,
1868 1210 1943 1273 ut
1989 1210 2067 1273 ab
2101 1209 2517 1292 anabaptistis
2565 1210 2627 1273 et
2672 1208 2962 1291 peregri-

600 1336 826 1381 narum
891 1317 1178 1400 gentium
1245 1316 1609 1381 hominibus
1677 1315 1916 1380 infimis
1982 1335 2107 1381 non
2156 1315 2359 1380 solum
2419 1315 2488 1378 in
2532 1315 2842 1397 principis
2893 1317 2961 1378 et

600 1423 796 1488 totius
829 1423 1147 1504 (116666313,
1197 1442 1415 1487 verum
1448 1422 1640 1486 etiam
1671 1422 1937 1487 Romani
1986 1421 2237 1505 imperii
2284 1421 2684 1504 dispendium
2716 1424 2778 1485 et
2812 1440 2963 1504 per-

600 1528 830 1592 niciem
878 1531 1320 1612 occuparetur3
1392 1530 1744 1612 principem
1806 1528 2019 1612 itaque
2065 1529 2143 1592 ab
2192 1528 2436 1611 integro
2504 1528 2963 1592 iusiurandum

599 1654 884 1718 poscere3
933 1639 997 1700 et
1041 1635 1238 1718 siqui
1283 1635 1350 1699 id
1395 1637 1710 1718 praestare
1756 1655 1881 1702 non
1928 1634 2142 1715 velint,
2193 1653 2230 1698 a
2260 1634 2501 1717 reliquo
2548 1634 2784 1698 civium
2836 1653 2961 1697 nu—

602 1761 771 1806 mero
820 1741 1102 1805 secedere
1169 1743 1489 1808 iubentur.
1583 1744 1715 1808 Hos
1774 1743 1944 1807 enim
1989 1741 2300 1807 conclusis
2371 1742 2567 1825 portis
2616 1742 2682 1805 in
2730 1742 2963 1805 urbem

600 1866 725 1911 non
772 1866 905 1911 esse
950 1846 1373 1913 admittendos
1436 1849 1761 1913 decretum
1807 1848 1949 1913 fuit.
2044 1848 2213 1912 Illud
2261 1867 2406 1912 cum
2452 1848 2618 1913 cives
2666 1847 2962 1911 animad-

599 1955 932 2035 verterent,
979 1955 1336 2019 necessitati
1382 1958 1668 2038 parent¹.

813 2059 1114 2142 Princeps
1161 2064 1440 2143 tempore
1488 2061 1833 2126 obsidionis
1900 2061 2299 2145 suggestione
2345 2061 2738 2145 quorundam
2786 2061 2962 2125 exci-

599 2167 771 2229 tatus
821 2166 1032 2230 omnia
1077 2166 1360 2231 coenobii
1390 2167 1857 2231 Transfluviani
1904 2168 2066 2231 bona
2097 2186 2228 2231 esse
2275 2166 2669 2231 confiscanda
2699 2169 2762 2230 et
2804 2185 2961 2230 suae

600 2292 848 2336 mensae
894 2273 1041 2337 usui
1086 2272 1459 2356 applicanda
1487 2274 1744 2356 cogitat,
1796 2293 1942 2338 cum
1987 2274 2316 2356 pleraeque
2363 2273 2627 2337 vestales
2674 2273 2959 2355 anabap-

600 2377 790 2442 tismo
839 2398 903 2442 se
943 2379 1475 2443 contaminassent
1521 2381 1585 2443 et
1629 2378 1699 2442 16
1746 2381 1901 2443 urbe
1946 2379 2370 2443 mansissent²
2413 2379 2660 2461 praeter
2702 2377 2879 2442 Idam
2922 2397 2963 2443 a

601 2485 894 2566 Mervelt,
968 2484 1469 2562 archivestalem,
1548 2484 1907 2569 Ludgeram
1954 2504 1990 2549 a
2034 2484 2320 2550 Linteloe
2389 2503 2460 2549 ac
2531 2484 2830 2568 Sophiam
2877 2484 2959 2550 de

599 2592 884 2675 Langen,
955 2611 1112 2676 quae
1158 2596 1436 2675 tempore
1485 2592 1832 2658 obsidionis
1878 2593 1943 2656 in
1992 2593 2147 2657 villa
2193 2612 2307 2657 sua
2350 2592 2693 2657 Holthusia
2740 2592 2959 2656 exula-

601 2700 781 2780 bant3
844 2717 1032 2780 quem
1077 2718 1410 2763 numerum
1455 2699 1777 2783 virginum
1848 2699 1970 2763 sibi
2019 2701 2266 2764 obstare
2335 2719 2461 2764 non
2510 2719 2689 2781 posse
2736 2699 2959 2763 existi-

600 2807 752 2869 mat.
833 2804 993 2869 Cum
1050 2826 1195 2870 vero
1248 2809 1302 2871 7.
1354 2806 1509 2870 Μ611
1579 2826 1741 2871 6666
1799 2809 1964 2870 1535
2032 2806 2147 2870 Ida
2193 2806 2268 2870 de
2315 2807 2583 2871 Mervelt
2652 2806 2719 2870 in
2766 2805 2959 2870 exilio

602 2911 901 2975 ultimum
971 2930 1159 2976 suum
1206 2911 1372 2976 diem
1426 2912 1784 2993 clausisset,
1855 2912 1984 2976 iam
2032 2932 2096 2977 se
2143 2913 2281 2977 iure
2328 2914 2699 2977 effecturum
2744 2914 2957 2994 putat,

602 3018 766 3099 quod
812 3020 1020 3082 mente
1067 3017 1460 3101 aliquamdiu
1506 3037 1715 3083 secum
1765 3018 2129 3102 agitaverat.
2223 3019 2492 3103 Ideoque
2539 3037 2684 3082 cum
2732 3037 2959 3100 super-

604 3123 784 3188 stites
816 3124 1092 3207 virgines
1140 3123 1216 3187 de
1247 3143 1418 3188 more
1466 3124 1946 3189 archivestalem
1992 3144 2219 3189 novam
2263 3125 2464 3189 libera
2510 3124 2813 3188 electione
2846 3123 2961 3188 de-

345 3245 418 3285 28.
447 3240 574 3294 Aus-
606 3229 855 3312 signare
902 3230 1268 3312 cogitarent,
1318 3231 1610 3314 princeps
1656 3230 1724 3294 id
1772 3231 1994 3296 vetuit.
2073 3229 2277 3309 Quare
2326 3233 2428 3296 28.
2479 3230 2757 3313 Augusti
2803 3231 2962 3294 anni

609 3336 779 3400 1535
825 3336 1084 3420 reliquis
1119 3335 1416 3402 dioecesis
1451 3337 1780 3402 ordinibus
1814 3338 2192 3420 supplicant,
2242 3339 2317 3403 ut
2357 3337 2708 3421 principem
2743 3356 2777 3400 a
2812 3355 2961 3400 sen-

316 3453 418 3525 *p.
457 3455 575 3510 624.
601 3441 802 3506 tentia
848 3443 911 3507 et
954 3442 1253 3507 instituto
1318 3462 1429 3507 suo
1489 3443 1738 3507 flectere
1786 3442 2182 3526 *dignentur,
2255 3463 2333 3508 ne
2381 3442 2507 3508 sibi
2569 3442 2843 3507 innoxiis
2892 3444 2961 3506 et

602 3723 742 3777 unde
781 3741 1056 3794 gesworen
1104 3739 1176 3775 na
1212 3741 1432 3793 vermog
1468 3723 1610 3778 unde
1662 3723 1879 3778 inholdt
1933 3722 2027 3777 des
2064 3722 2422 3793 schryftligen
2460 3723 2771 3778 versateden
2810 3722 2961 3792 edes,

602 3831 673 3883 gy
701 3814 770 3883 by
802 3814 868 3867 iw
894 3813 1052 3880 hebn,
1091 3812 1235 3865 unde
1275 3812 1339 3866 de
1367 3830 1664 3882 gemeynen
1701 3814 1897 3881 borget
1933 3811 2153 3880 alreyde
2190 3811 2447 3882 gedaen.“
2480 3842 2545 3850 —-
2584 3812 2695 3865 Der
2730 3811 2969 3865 Bisehof

599 3900 754 3956 hatte
793 3918 881 3954 am
927 3903 1004 3955 12.
1041 3899 1158 3954 ι11111
1198 3900 1410 3954 Wilken
1449 3900 1680 3970 Steding
1719 3917 1840 3953 zum
1878 3901 2171 3968 Obersten,
2224 3900 2429 3969 Egbcrt
2464 3917 2512 3954 v.
2549 3900 2792 3954 Devcren
2832 3916 2962 3953 zum

599 3990 951 4061 Hauptmann
987 3990 1120 4043 iiber
1157 3990 1285 4042 zwei
1322 3988 1589 4042 Fahnlein
1617 3987 1864 4042 Knechte
1902 3988 1991 4041 fiir
2026 3988 2358 4042 mindestens
2397 3989 2430 4042 3
2455 3989 2674 4042 Monate
2713 3990 2772 4042 iu
2795 3988 2959 4041 Mun·

600 4084 713 4133 ster
750 4095 1157 4150 angenommen.

818 4186 858 4252 ¹)
898 4185 969 4238 So
1007 4185 1146 4238 auch
1184 4183 1272 4237 die
1314 4184 1513 4249 „Korte
1551 4183 1892 4251 antekuuge“
1939 4182 2061 4249 (Ms.
2087 4182 2300 4236 BorusS.
2340 4183 2440 4247 Qu.
2468 4182 2570 4234 272
2607 4181 2665 4234 16
2693 4181 2788 4234 der
2824 4179 2960 4250 Kgl.

599 4272 916 4326 Bibliothek
953 4289 1019 4326 zu
1055 4272 1284 4337 Berlin).
1359 4271 1585 4325 Danach
1624 4273 1699 4326 ist
1749 4271 1997 4325 llietrich
2035 4271 2446 4324 Munstermann
2484 4268 2823 4324 Wortfiihrer
2861 4269 2962 4322 der

599 4361 825 4430 Biirger.
866 4390 930 4398 —
972 4359 1016 4431 ⁹)
1055 4360 1237 4429 Vergl.
1278 4362 1414 4414 oben
1453 4361 1505 4415 S.
1545 4361 1667 4415 482.
