3259 5075
613 247 747 311 602
1478 244 1665 311 Anno
1717 246 1888 312 1534
1926 246 2090 311 acta.

613 421 839 487 duram
883 424 948 487 et
1001 421 1335 487 difficilem
1403 421 1795 487 obsidionem
1864 421 2000 486 sine
2065 420 2420 487 vicinorum
2487 420 2851 504 principum
2895 439 2980 485 ac

612 528 961 594 amicorum
1005 548 1121 611 ope
1165 529 1231 593 et
1275 527 1588 612 praesidio
1650 528 1893 593 diutius
1964 528 2237 610 perferre
2294 526 2473 592 nullo
2518 526 2703 592 modo
2763 545 2972 610 posse.

613 634 683 700 Si
712 653 857 700 vero
888 633 1228 700 deserenda
1272 634 1357 700 sit
1387 636 1560 717 urbs,
1611 634 1898 700 seditiosi
1943 633 2361 717 relinquendi,
2408 633 2595 716 impii
2634 631 2973 714 tolerandi,

611 740 907 805 immensi
951 743 1243 820 sumptus
1292 741 1427 807 sine
1469 741 1687 806 fructu
1749 740 2081 823 perdendi,
2151 740 2431 823 primum
2475 739 2744 821 milites,
2814 739 2977 804 hinc

613 846 920 932 agricolas
965 847 1476 932 circumquaque,
1545 847 1694 912 inde
1741 845 1975 930 oppida
2018 847 2083 911 et
2126 846 2314 911 urbes
2381 845 2580 911 totius
2641 844 2964 926 dioecesi8‚

614 953 766 1018 hinc
810 952 1051 1018 vicinas
1099 972 1377 1036 quasque
1421 953 1707 1036 regiones
1754 953 1971 1018 eadem
2015 951 2418 1035 impunitatis
2467 971 2576 1035 spe
2621 952 2686 1016 et
2730 950 2978 1016 fiducia

325 1075 362 1107 ¹¹
376 1093 431 1148 p.
467 1076 590 1132 503.
616 1059 697 1125 ad
742 1079 806 1124 se
852 1060 1216 1140 allecturus,
1284 1059 1543 1124 allectas
1592 1059 1821 1125 iisdem
1867 1056 2333 1141 impieta*tibus
2389 1058 2705 1123 involutas
2753 1076 2973 1121 secum

610 1166 681 1231 in
736 1166 988 1231 ruinam
1035 1167 1100 1231 et
1160 1166 1503 1249 perniciem
1571 1166 2098 1250 praecipitaturos
2165 1165 2639 1248 multarumque
2706 1164 2968 1228 calami-

611 1275 821 1338 tatum
882 1274 1166 1339 auctores
1226 1273 1475 1338 futuros
1545 1274 1868 1356 totamque
1936 1271 2207 1354 denique
2262 1270 2667 1336 Germaniam
2727 1269 2975 1354 insigni

613 1378 826 1462 aliqua
871 1379 1047 1444 clade
1108 1378 1439 1444 affecturos
1486 1398 1823 1461 omnesque
1890 1377 2209 1461 principes
2278 1377 2776 1460 perturbaturos.
2870 1376 2974 1440 Ne

614 1487 825 1551 autem
853 1488 1067 1551 tantae
1113 1485 1496 1550 calamitatis
1541 1485 1822 1565 initium,
1871 1486 1927 1550 si
1956 1504 2056 1550 res
2087 1484 2156 1549 in
2189 1483 2465 1549 deterius
2503 1483 2722 1566 vergat
2764 1482 2973 1567 (quod

612 1593 784 1657 Deus
843 1593 1113 1675 avertat)
1162 1611 1200 1656 a
1242 1591 1528 1675 principe
1588 1611 1702 1656 suo
1770 1591 2124 1674 profectum
2171 1610 2303 1655 esse
2370 1589 2768 1655 existimetur
2812 1607 2975 1653 neve

614 1716 762 1762 suae
807 1698 1229 1781 negligentiae
1259 1698 1598 1781 quicquam
1645 1697 2048 1779 asscribatur,
2096 1716 2214 1781 qua
2222 1697 2280 1761 si
2311 1715 2444 1761 rem
2488 1696 2789 1779 periculis
2829 1695 2971 1778 ple-

613 1823 760 1868 nam
819 1803 1215 1887 principibus
1259 1803 1489 1869 vicinis
1534 1823 1660 1868 non
1706 1803 2230 1884 manifestaverit,
2307 1802 2414 1868 sed
2474 1821 2701 1886 magno
2749 1820 2970 1866 eorum

611 1909 778 1975 malo
825 1910 997 1992 ipsos
1055 1909 1353 1975 celaverit
1419 1929 1621 1993 neque
1689 1911 1768 1976 ab
1820 1909 2047 1975 iisdem
2116 1908 2503 1992 praesidium
2561 1908 2965 1992 flagitaverit,

611 2015 753 2081 ideo
785 2015 1139 2099 principem
1167 2035 1359 2081 suum
1389 2018 1707 2099 utrosque,
1738 2018 1806 2081 et
1845 2015 2277 2082 Coloniensem
2314 2018 2379 2081 et
2408 2015 2741 2098 Iuliacum,
2774 2033 2973 2099 quam

613 2121 1109 2186 familiarissime
1156 2122 1506 2202 obsecrare,
1567 2124 1644 2186 ut
1700 2121 1983 2204 pericula
2047 2121 2265 2186 futura
2307 2121 2375 2184 in
2419 2120 2710 2185 infandas
2756 2119 2971 2185 clades

613 2246 688 2292 ex
731 2226 924 2292 huius
973 2229 1176 2291 sectae
1243 2226 1628 2310 impunitate
1671 2228 2007 2310 erupturas
2053 2246 2143 2309 eo,
2193 2246 2316 2311 quo
2364 2227 2641 2307 valeant,
2706 2225 2970 2309 ingenio

616 2334 679 2397 et
723 2331 963 2397 iudicio
1009 2351 1223 2398 secum
1282 2332 1634 2415 expendant
1679 2335 1743 2398 et
1789 2332 1914 2398 sibi
1959 2332 2349 2416 dioecesique
2396 2352 2509 2398 suo
2554 2332 2817 2398 consilio
2862 2331 2969 2397 in-

613 2439 904 2522 signique
936 2438 1149 2521 aliqua
1175 2458 1294 2521 ope
1333 2440 1399 2503 et
1442 2439 1755 2522 praesidio
1788 2441 2034 2504 mature
2080 2442 2469 2520 succurrant,
2516 2439 2594 2504 ut
2637 2438 2971 2521 impietate

610 2547 680 2610 et
738 2545 1077 2610 rebellione
1144 2545 1458 2629 oppressis
1524 2547 2049 2612 Monasterienses
2110 2546 2189 2610 ad
2249 2547 2484 2612 avitam
2552 2546 2853 2629 pietatem
2900 2548 2966 2610 et

613 2651 950 2736 pristinam
996 2651 1417 2717 obedientiam
1477 2655 1850 2718 revocentur
1894 2672 1967 2718 ac
2013 2672 2050 2717 a
2093 2652 2322 2718 vicinis
2385 2653 2748 2719 nationibus
2790 2650 2966 2718 cala·

612 2757 804 2823 mitas
849 2759 913 2822 et
955 2758 1194 2822 eversio
1240 2761 1579 2825 avertatur.
1675 2759 1742 2825 Si
1787 2758 1943 2843 quid
2000 2759 2230 2824 horum
2288 2759 2702 2842 impetratum
2746 2758 2961 2840 fuerit,

614 2864 968 2948 principem
1013 2883 1203 2929 suum
1249 2884 1494 2930 summo
1541 2866 1757 2931 studio*
1801 2884 2169 2949 summaque
2205 2865 2532 2931 voluntate
2574 2865 2813 2950 gratias
2859 2884 2967 2930 ac-

612 2971 835 3035 turum
879 2972 944 3035 et
988 2989 1101 3036 suo
1147 2973 1426 3055 tempore
1472 2972 1687 3056 aliqua
1724 2992 1803 3038 *ex
1846 2973 2023 3055 parte
2076 2972 2443 3037 relaturum.

824 3077 979 3142 Post
1022 3076 1541 3143 deliberationem
1571 3080 1824 3143 brevem
1850 3077 2244 3144 Coloniensis
2276 3080 2341 3143 et
2386 3077 2663 3144 Iuliacus
2705 3094 2970 3160 respon-

614 3181 768 3247 dent
827 3202 941 3266 per
986 3185 1296 3249 oratorem
1316 3189 1365 3249 ¹:
1437 3185 1514 3250 Se
1558 3183 2118 3250 Monasteriensem
2184 3184 2541 3268 praesulem
2588 3185 2652 3248 et
2695 3182 2968 3249 foederis

613 3291 680 3354 et
724 3288 1074 3354 vicinitatis
1107 3290 1359 3355 nomine
1387 3290 1658 3355 maxime
1689 3290 1759 3355 in
1804 3290 1923 3355 hac
1954 3308 2142 3355 causa
2185 3290 2539 3355 iustissima
2582 3308 2783 3374 neque
2815 3309 2969 3354 con-

615 3394 779 3460 siliis
841 3414 1042 3478 neque
1088 3415 1203 3479 ope
1248 3416 1449 3481 neque
1495 3397 1722 3479 opibus
1790 3395 2204 3479 praesidiisve
2251 3397 2384 3462 suis
2429 3414 2711 3480 unquam
2755 3395 2963 3460 deser—

612 3502 819 3582 turos,
869 3499 1006 3582 sed,
1056 3501 1113 3566 si
1156 3501 1282 3586 ipsi
1344 3503 1683 3569 molestum
1740 3523 1865 3569 non
1912 3521 2045 3567 esse
2091 3502 2399 3585 videatur,
2449 3501 2794 3568 obsidionis
2840 3502 2970 3567 im-

613 3625 838 3690 pensas
886 3606 953 3671 in
999 3611 1179 3690 parte
1221 3608 1437 3692 aliqua
1481 3609 1742 3691 laturoS,
1793 3609 1858 3673 et
1888 3628 1954 3674 se
1986 3608 2179 3674 simul
2224 3628 2337 3691 pro
2376 3608 2714 3692 stipendiis
2759 3607 2971 3673 futuri

613 3714 849 3779 mensis
887 3713 955 3778 in
985 3715 1374 3796 praesidium
1419 3715 1697 3798 suscepti
1741 3715 1895 3780 belli
1927 3715 2345 3799 quadraginta
2388 3716 2765 3781 florenorum
2795 3714 2968 3779 Rhe-

834 3962 875 4029 ι)
912 3962 1033 4016 Den
1068 3961 1338 4017 Abschied
1388 3962 1483 4017 des
1520 3963 1746 4017 zweiten
1783 3962 1961 4033 Tages
1998 3978 2066 4016 zu
2101 3961 2276 4016 Neufs
2327 3980 2450 4016 vom
2486 3964 2573 4017 20.
2609 3962 2745 4017 Juni
2799 3960 2966 4029 (nach

613 4050 739 4105 dem
774 4049 925 4122 Otig.
962 4052 1039 4106 im
1075 4050 1247 4106 St.-A„
1285 4051 1361 4106 Π.
1400 4051 1739 4121 abgedruckt
1793 4069 1897 4106 von
1933 4051 1996 4107 L.
2033 4050 2290 4106 Keller:
2332 4050 2398 4106 G.
2436 4050 2488 4106 d,
2526 4051 2609 4106 W.
2662 4051 2717 4106 S.
2754 4050 2858 4104 317
2879 4049 2965 4119 ff.)

613 4138 715 4193 hat
746 4139 930 4213 Keras.
966 4138 1123 4194 nicht
1145 4140 1386 4209 bmutzt,
1422 4139 1563 4194 wohl
1589 4140 1720 4196 aber
1755 4140 1860 4196 den
1883 4140 2135 4194 Entwurf
2166 4155 2263 4194 zur
2284 4139 2730 4210 Versffindigung
2767 4140 2966 4209 (Kopie

611 4228 688 4281 in
727 4227 899 4283 stt-A.
921 4227 1041 4297 M),
1079 4227 1175 4283 den·
1207 4228 1475 4283 nischen
1510 4228 1656 4284 Κὸ111
1692 4229 1805 4284 und
1835 4229 1997 4284 OEevc
2030 4228 2342 4283 vereinbart
2365 4245 2476 4283 war
2510 4227 2623 4283 und
2659 4228 2805 4283 daun
2841 4227 2967 4283 dem

609 4315 870 4370 Bischofe
904 4332 1009 4369 von
1043 4315 1292 4371 Miinster
1326 4332 1423 4370 zur
1456 4316 1908 4388 Riickausserung
1940 4315 2226 4388 vergelegt
2258 4316 2456 4371 wurde.
