<?xml version="1.0" encoding="UTF-8"?>
<!DOCTYPE html PUBLIC "-//W3C//DTD XHTML 1.0 Transitional//EN"
    "http://www.w3.org/TR/xhtml1/DTD/xhtml1-transitional.dtd">
<html xmlns="http://www.w3.org/1999/xhtml" xml:lang="en" lang="en">
 <head>
  <title>
</title>
<meta http-equiv="Content-Type" content="text/html;charset=utf-8" />
  <meta name='ocr-system' content='tesseract 3.04.00' />
  <meta name='ocr-capabilities' content='ocr_page ocr_carea ocr_par ocr_line ocrx_word'/>
</head>
<body>
  <div class='ocr_page' id='page_1' title='image "./hermanniakersse00westgoog_0476.png"; bbox 0 0 3259 5075; ppageno 0'>
   <div class='ocr_carea' id='block_1_1' title="bbox 396 1512 632 1558">
    <p class='ocr_par' dir='ltr' id='par_1_1' title="bbox 396 1512 632 1558">
     <span class='ocr_line' id='line_1_1' title="bbox 396 1512 632 1558; baseline 0.017 -4"><span class='ocrx_word' id='word_1_1' title='bbox 396 1516 465 1557; x_wconf 75' lang='lat'>26.</span> <span class='ocrx_word' id='word_1_2' title='bbox 495 1512 632 1558; x_wconf 83' lang='lat' dir='ltr'>Juni.</span> 
     </span>
    </p>
   </div>
   <div class='ocr_carea' id='block_1_2' title="bbox 395 2680 625 2724">
    <p class='ocr_par' dir='ltr' id='par_1_2' title="bbox 395 2680 625 2724">
     <span class='ocr_line' id='line_1_2' title="bbox 395 2680 625 2724; baseline 0.004 -1"><span class='ocrx_word' id='word_1_3' title='bbox 395 2684 462 2724; x_wconf 80' lang='lat'>27.</span> <span class='ocrx_word' id='word_1_4' title='bbox 491 2680 625 2724; x_wconf 82' lang='lat' dir='ltr'>Juni.</span> 
     </span>
    </p>
   </div>
   <div class='ocr_carea' id='block_1_3' title="bbox 666 254 2139 323">
    <p class='ocr_par' dir='ltr' id='par_1_3' title="bbox 666 254 2139 323">
     <span class='ocr_line' id='line_1_3' title="bbox 666 254 2139 323; baseline -0.001 -1"><span class='ocrx_word' id='word_1_5' title='bbox 666 256 799 323; x_wconf 80' lang='lat'>852</span> <span class='ocrx_word' id='word_1_6' title='bbox 1526 254 1712 321; x_wconf 89' lang='lat' dir='ltr'>Anno</span> <span class='ocrx_word' id='word_1_7' title='bbox 1763 256 1934 321; x_wconf 84' lang='lat'>1535</span> <span class='ocrx_word' id='word_1_8' title='bbox 1981 256 2139 320; x_wconf 86' lang='lat' dir='ltr'>acta.</span> 
     </span>
    </p>
   </div>
   <div class='ocr_carea' id='block_1_4' title="bbox 657 430 3057 3171">
    <p class='ocr_par' dir='ltr' id='par_1_4' title="bbox 665 430 3057 606">
     <span class='ocr_line' id='line_1_4' title="bbox 666 430 3057 516; baseline -0.002 -16"><span class='ocrx_word' id='word_1_9' title='bbox 666 434 1025 516; x_wconf 88' lang='lat' dir='ltr'>sepulturae</span> <span class='ocrx_word' id='word_1_10' title='bbox 1071 451 1255 497; x_wconf 82' lang='lat' dir='ltr'>causa</span> <span class='ocrx_word' id='word_1_11' title='bbox 1327 431 1548 497; x_wconf 89' lang='lat' dir='ltr'>accitis</span> <span class='ocrx_word' id='word_1_12' title='bbox 1613 430 1843 516; x_wconf 87' lang='lat' dir='ltr'>amplis</span> <span class='ocrx_word' id='word_1_13' title='bbox 1908 433 2112 497; x_wconf 90' lang='lat' dir='ltr'>terrae</span> <span class='ocrx_word' id='word_1_14' title='bbox 2180 430 2464 496; x_wconf 80' lang='lat' dir='ltr'><strong>hiatibus</strong></span> <span class='ocrx_word' id='word_1_15' title='bbox 2525 431 2595 495; x_wconf 91' lang='lat' dir='ltr'>in</span> <span class='ocrx_word' id='word_1_16' title='bbox 2640 449 2872 514; x_wconf 88' lang='lat' dir='ltr'>campo</span> <span class='ocrx_word' id='word_1_17' title='bbox 2918 430 3057 495; x_wconf 87' lang='lat' dir='ltr'>do-</span> 
     </span>
     <span class='ocr_line' id='line_1_5' title="bbox 665 539 1817 606; baseline -0.003 0"><span class='ocrx_word' id='word_1_18' title='bbox 665 540 899 606; x_wconf 90' lang='lat' dir='ltr'>minico</span> <span class='ocrx_word' id='word_1_19' title='bbox 947 539 1188 604; x_wconf 87' lang='lat' dir='ltr'>effossis</span> <span class='ocrx_word' id='word_1_20' title='bbox 1234 539 1755 603; x_wconf 89' lang='lat' dir='ltr'>contumulantur</span> <span class='ocrx_word' id='word_1_21' title='bbox 1776 540 1817 603; x_wconf 90' lang='lat'>¹.</span> 
     </span>
    </p>

    <p class='ocr_par' dir='ltr' id='par_1_5' title="bbox 657 644 3053 3171">
     <span class='ocr_line' id='line_1_6' title="bbox 876 644 3053 727; baseline -0.001 -16"><span class='ocrx_word' id='word_1_22' title='bbox 876 646 1038 711; x_wconf 86' lang='lat' dir='ltr'>Cum</span> <span class='ocrx_word' id='word_1_23' title='bbox 1083 647 1295 710; x_wconf 87' lang='lat' dir='ltr'>autem</span> <span class='ocrx_word' id='word_1_24' title='bbox 1340 644 1949 727; x_wconf 84' lang='lat' dir='ltr'>Knipperdollingus</span> <span class='ocrx_word' id='word_1_25' title='bbox 2009 663 2211 727; x_wconf 90' lang='lat' dir='ltr'>neque</span> <span class='ocrx_word' id='word_1_26' title='bbox 2258 645 2427 710; x_wconf 87' lang='lat' dir='ltr'>inter</span> <span class='ocrx_word' id='word_1_27' title='bbox 2486 645 2768 726; x_wconf 84' lang='lat' dir='ltr'>captivos</span> <span class='ocrx_word' id='word_1_28' title='bbox 2819 663 3053 727; x_wconf 86' lang='lat' dir='ltr'>neque</span> 
     </span>
     <span class='ocr_line' id='line_1_7' title="bbox 663 749 3045 833; baseline -0.002 -15"><span class='ocrx_word' id='word_1_29' title='bbox 663 755 830 818; x_wconf 88' lang='lat' dir='ltr'>inter</span> <span class='ocrx_word' id='word_1_30' title='bbox 876 752 1176 816; x_wconf 86' lang='lat' dir='ltr'>cadavera</span> <span class='ocrx_word' id='word_1_31' title='bbox 1221 749 1793 833; x_wconf 79' lang='lat' dir='ltr'>deprehenderetur</span> <span class='ocrx_word' id='word_1_32' title='bbox 1860 769 2060 832; x_wconf 90' lang='lat' dir='ltr'>neque</span> <span class='ocrx_word' id='word_1_33' title='bbox 2106 750 2174 815; x_wconf 92' lang='lat' dir='ltr'>in</span> <span class='ocrx_word' id='word_1_34' title='bbox 2220 753 2627 833; x_wconf 91' lang='lat' dir='ltr'>conspectum</span> <span class='ocrx_word' id='word_1_35' title='bbox 2684 750 3045 814; x_wconf 85' lang='lat' dir='ltr'>cuiusdam</span> 
     </span>
     <span class='ocr_line' id='line_1_8' title="bbox 662 857 3045 941; baseline -0.001 -18"><span class='ocrx_word' id='word_1_36' title='bbox 662 858 1028 941; x_wconf 79' lang='lat' dir='ltr'>prodiisset,</span> <span class='ocrx_word' id='word_1_37' title='bbox 1080 877 1157 921; x_wconf 93' lang='lat' dir='ltr'>ne</span> <span class='ocrx_word' id='word_1_38' title='bbox 1203 876 1472 939; x_wconf 80' lang='lat' dir='ltr'><strong>usquam</strong></span> <span class='ocrx_word' id='word_1_39' title='bbox 1530 857 1822 940; x_wconf 85' lang='lat' dir='ltr'>gentium</span> <span class='ocrx_word' id='word_1_40' title='bbox 1880 857 2235 921; x_wconf 89' lang='lat' dir='ltr'>arctissima</span> <span class='ocrx_word' id='word_1_41' title='bbox 2281 857 2565 922; x_wconf 90' lang='lat' dir='ltr'>omnium</span> <span class='ocrx_word' id='word_1_42' title='bbox 2610 857 2867 921; x_wconf 81' lang='lat' dir='ltr'>viarum</span> <span class='ocrx_word' id='word_1_43' title='bbox 2916 876 3045 921; x_wconf 87' lang='lat' dir='ltr'>cu·</span> 
     </span>
     <span class='ocr_line' id='line_1_9' title="bbox 666 963 3043 1048; baseline -0.002 -17"><span class='ocrx_word' id='word_1_44' title='bbox 666 966 872 1031; x_wconf 88' lang='lat' dir='ltr'>stodia</span> <span class='ocrx_word' id='word_1_45' title='bbox 915 963 1318 1048; x_wconf 90' lang='lat' dir='ltr'>praepeditus</span> <span class='ocrx_word' id='word_1_46' title='bbox 1351 964 1620 1047; x_wconf 86' lang='lat' dir='ltr'>effugere</span> <span class='ocrx_word' id='word_1_47' title='bbox 1666 964 1990 1047; x_wconf 87' lang='lat' dir='ltr'>potuisset,</span> <span class='ocrx_word' id='word_1_48' title='bbox 2039 964 2250 1046; x_wconf 89' lang='lat' dir='ltr'>ipsum</span> <span class='ocrx_word' id='word_1_49' title='bbox 2281 966 2356 1029; x_wconf 89' lang='lat' dir='ltr'>ut</span> <span class='ocrx_word' id='word_1_50' title='bbox 2400 964 2598 1028; x_wconf 86' lang='lat' dir='ltr'>totius</span> <span class='ocrx_word' id='word_1_51' title='bbox 2645 963 2775 1027; x_wconf 89' lang='lat' dir='ltr'>sere</span> <span class='ocrx_word' id='word_1_52' title='bbox 2805 966 3043 1027; x_wconf 83' lang='lat' dir='ltr'>motus</span> 
     </span>
     <span class='ocr_line' id='line_1_10' title="bbox 663 1069 3037 1154; baseline -0.001 -17"><span class='ocrx_word' id='word_1_53' title='bbox 663 1091 918 1138; x_wconf 85' lang='lat' dir='ltr'>causam</span> <span class='ocrx_word' id='word_1_54' title='bbox 980 1090 1205 1153; x_wconf 86' lang='lat' dir='ltr'>magno</span> <span class='ocrx_word' id='word_1_55' title='bbox 1275 1069 1486 1135; x_wconf 92' lang='lat' dir='ltr'>studio</span> <span class='ocrx_word' id='word_1_56' title='bbox 1535 1072 1601 1134; x_wconf 91' lang='lat' dir='ltr'>et</span> <span class='ocrx_word' id='word_1_57' title='bbox 1647 1070 1980 1153; x_wconf 81' lang='lat' dir='ltr'>diligentia</span> <span class='ocrx_word' id='word_1_58' title='bbox 2047 1070 2498 1154; x_wconf 89' lang='lat' dir='ltr'>inquirendum</span> <span class='ocrx_word' id='word_1_59' title='bbox 2558 1089 2690 1134; x_wconf 87' lang='lat' dir='ltr'>esse</span> <span class='ocrx_word' id='word_1_60' title='bbox 2739 1074 3037 1134; x_wconf 83' lang='lat' dir='ltr'>censent.</span> 
     </span>
     <span class='ocr_line' id='line_1_11' title="bbox 662 1175 3041 1261; baseline -0.004 -14"><span class='ocrx_word' id='word_1_61' title='bbox 662 1180 781 1247; x_wconf 86' lang='lat' dir='ltr'>Ille</span> <span class='ocrx_word' id='word_1_62' title='bbox 826 1199 971 1244; x_wconf 87' lang='lat' dir='ltr'>vero</span> <span class='ocrx_word' id='word_1_63' title='bbox 1018 1179 1202 1259; x_wconf 88' lang='lat' dir='ltr'>capta</span> <span class='ocrx_word' id='word_1_64' title='bbox 1248 1178 1404 1241; x_wconf 90' lang='lat' dir='ltr'>urbe</span> <span class='ocrx_word' id='word_1_65' title='bbox 1465 1178 1775 1261; x_wconf 84' lang='lat' dir='ltr'>rebusque</span> <span class='ocrx_word' id='word_1_66' title='bbox 1822 1178 1950 1242; x_wconf 90' lang='lat' dir='ltr'>iam</span> <span class='ocrx_word' id='word_1_67' title='bbox 2011 1178 2279 1261; x_wconf 88' lang='lat' dir='ltr'>perditis</span> <span class='ocrx_word' id='word_1_68' title='bbox 2326 1180 2391 1243; x_wconf 85' lang='lat' dir='ltr'>et</span> <span class='ocrx_word' id='word_1_69' title='bbox 2434 1175 2783 1258; x_wconf 81' lang='lat' dir='ltr'>desperatis</span> <span class='ocrx_word' id='word_1_70' title='bbox 2851 1180 3041 1239; x_wconf 77' lang='lat' dir='ltr'>certa</span> 
     </span>
     <span class='ocr_line' id='line_1_12' title="bbox 663 1280 3039 1366; baseline -0.002 -17"><span class='ocrx_word' id='word_1_71' title='bbox 663 1285 948 1350; x_wconf 87' lang='lat' dir='ltr'>elabendi</span> <span class='ocrx_word' id='word_1_72' title='bbox 1019 1303 1128 1366; x_wconf 88' lang='lat' dir='ltr'>spe</span> <span class='ocrx_word' id='word_1_73' title='bbox 1174 1283 1372 1347; x_wconf 89' lang='lat' dir='ltr'>fretus</span> <span class='ocrx_word' id='word_1_74' title='bbox 1441 1283 1723 1365; x_wconf 90' lang='lat' dir='ltr'>primum</span> <span class='ocrx_word' id='word_1_75' title='bbox 1770 1302 1902 1347; x_wconf 89' lang='lat' dir='ltr'>sese</span> <span class='ocrx_word' id='word_1_76' title='bbox 1948 1284 2015 1346; x_wconf 91' lang='lat' dir='ltr'>in</span> <span class='ocrx_word' id='word_1_77' title='bbox 2063 1283 2242 1348; x_wconf 91' lang='lat' dir='ltr'>aedes</span> <span class='ocrx_word' id='word_1_78' title='bbox 2306 1281 2684 1347; x_wconf 84' lang='lat' dir='ltr'>Catharinae</span> <span class='ocrx_word' id='word_1_79' title='bbox 2731 1280 3039 1345; x_wconf 85' lang='lat' dir='ltr'>Hobbels</span> 
     </span>
     <span class='ocr_line' id='line_1_13' title="bbox 662 1386 3037 1472; baseline -0.003 -17"><span class='ocrx_word' id='word_1_80' title='bbox 662 1390 743 1454; x_wconf 87' lang='lat' dir='ltr'>ad</span> <span class='ocrx_word' id='word_1_81' title='bbox 788 1393 1033 1472; x_wconf 88' lang='lat' dir='ltr'>portam</span> <span class='ocrx_word' id='word_1_82' title='bbox 1080 1389 1555 1470; x_wconf 89' lang='lat' dir='ltr'>Neopontanam</span> <span class='ocrx_word' id='word_1_83' title='bbox 1599 1388 2044 1452; x_wconf 86' lang='lat' dir='ltr'>commorantis</span> <span class='ocrx_word' id='word_1_84' title='bbox 2108 1387 2470 1451; x_wconf 90' lang='lat' dir='ltr'>clanculum</span> <span class='ocrx_word' id='word_1_85' title='bbox 2530 1386 2856 1467; x_wconf 84' lang='lat' dir='ltr'>subduxit,</span> <span class='ocrx_word' id='word_1_86' title='bbox 2912 1388 3037 1450; x_wconf 88' lang='lat' dir='ltr'>ubi</span> 
     </span>
     <span class='ocr_line' id='line_1_14' title="bbox 663 1493 3033 1580; baseline -0.002 -19"><span class='ocrx_word' id='word_1_87' title='bbox 663 1516 776 1580; x_wconf 92' lang='lat' dir='ltr'>per</span> <span class='ocrx_word' id='word_1_88' title='bbox 820 1498 1065 1560; x_wconf 90' lang='lat' dir='ltr'>noctem</span> <span class='ocrx_word' id='word_1_89' title='bbox 1126 1494 1317 1559; x_wconf 87' lang='lat' dir='ltr'>istam</span> <span class='ocrx_word' id='word_1_90' title='bbox 1363 1497 1428 1558; x_wconf 89' lang='lat' dir='ltr'>et</span> <span class='ocrx_word' id='word_1_91' title='bbox 1475 1493 1643 1557; x_wconf 90' lang='lat' dir='ltr'>diem</span> <span class='ocrx_word' id='word_1_92' title='bbox 1705 1494 2217 1576; x_wconf 87' lang='lat' dir='ltr'>subsequentem,</span> <span class='ocrx_word' id='word_1_93' title='bbox 2290 1513 2445 1577; x_wconf 91' lang='lat' dir='ltr'>quae</span> <span class='ocrx_word' id='word_1_94' title='bbox 2492 1493 2618 1558; x_wconf 86' lang='lat' dir='ltr'>fuit</span> <span class='ocrx_word' id='word_1_95' title='bbox 2664 1495 2769 1558; x_wconf 77' lang='lat'>26.</span> <span class='ocrx_word' id='word_1_96' title='bbox 2818 1494 3033 1573; x_wconf 85' lang='lat' dir='ltr'>Iunii,</span> 
     </span>
     <span class='ocr_line' id='line_1_15' title="bbox 661 1599 3029 1684; baseline -0.001 -17"><span class='ocrx_word' id='word_1_97' title='bbox 661 1603 730 1667; x_wconf 93' lang='lat' dir='ltr'>in</span> <span class='ocrx_word' id='word_1_98' title='bbox 762 1621 1053 1684; x_wconf 89' lang='lat' dir='ltr'>suprema</span> <span class='ocrx_word' id='word_1_99' title='bbox 1086 1601 1307 1665; x_wconf 89' lang='lat' dir='ltr'>domus</span> <span class='ocrx_word' id='word_1_100' title='bbox 1356 1603 1532 1682; x_wconf 88' lang='lat' dir='ltr'>parte</span> <span class='ocrx_word' id='word_1_101' title='bbox 1566 1599 1853 1664; x_wconf 90' lang='lat' dir='ltr'>elabendi</span> <span class='ocrx_word' id='word_1_102' title='bbox 1885 1600 2274 1665; x_wconf 82' lang='lat' dir='ltr'>occasionem</span> <span class='ocrx_word' id='word_1_103' title='bbox 2309 1603 2639 1683; x_wconf 81' lang='lat' dir='ltr'>expectans</span> <span class='ocrx_word' id='word_1_104' title='bbox 2672 1599 3029 1664; x_wconf 84' lang='lat' dir='ltr'>delitescit.</span> 
     </span>
     <span class='ocr_line' id='line_1_16' title="bbox 661 1705 3035 1790; baseline -0.002 -18"><span class='ocrx_word' id='word_1_105' title='bbox 661 1709 744 1772; x_wconf 89' lang='lat' dir='ltr'>Et</span> <span class='ocrx_word' id='word_1_106' title='bbox 779 1728 923 1772; x_wconf 90' lang='lat' dir='ltr'>cum</span> <span class='ocrx_word' id='word_1_107' title='bbox 970 1706 1359 1772; x_wconf 81' lang='lat' dir='ltr'>intolerabili</span> <span class='ocrx_word' id='word_1_108' title='bbox 1406 1706 1517 1769; x_wconf 91' lang='lat' dir='ltr'>siti</span> <span class='ocrx_word' id='word_1_109' title='bbox 1564 1726 1628 1770; x_wconf 91' lang='lat' dir='ltr'>se</span> <span class='ocrx_word' id='word_1_110' title='bbox 1661 1706 1863 1787; x_wconf 88' lang='lat' dir='ltr'>premi</span> <span class='ocrx_word' id='word_1_111' title='bbox 1911 1708 2296 1790; x_wconf 86' lang='lat' dir='ltr'>quereretur,</span> <span class='ocrx_word' id='word_1_112' title='bbox 2344 1725 2571 1789; x_wconf 90' lang='lat' dir='ltr'>aquam</span> <span class='ocrx_word' id='word_1_113' title='bbox 2614 1724 2844 1788; x_wconf 90' lang='lat' dir='ltr'>puram</span> <span class='ocrx_word' id='word_1_114' title='bbox 2899 1705 3035 1769; x_wconf 90' lang='lat' dir='ltr'>sibi</span> 
     </span>
     <span class='ocr_line' id='line_1_17' title="bbox 661 1812 3029 1897; baseline -0.002 -17"><span class='ocrx_word' id='word_1_115' title='bbox 661 1815 799 1880; x_wconf 88' lang='lat' dir='ltr'>dari</span> <span class='ocrx_word' id='word_1_116' title='bbox 844 1814 1205 1897; x_wconf 86' lang='lat' dir='ltr'>postulavit,</span> <span class='ocrx_word' id='word_1_117' title='bbox 1255 1831 1461 1895; x_wconf 87' lang='lat' dir='ltr'>quam,</span> <span class='ocrx_word' id='word_1_118' title='bbox 1507 1831 1652 1876; x_wconf 88' lang='lat' dir='ltr'>cum</span> <span class='ocrx_word' id='word_1_119' title='bbox 1688 1813 1970 1893; x_wconf 90' lang='lat' dir='ltr'>bibisset,</span> <span class='ocrx_word' id='word_1_120' title='bbox 2008 1812 2178 1895; x_wconf 81' lang='lat' dir='ltr'>regio</span> <span class='ocrx_word' id='word_1_121' title='bbox 2211 1832 2380 1877; x_wconf 87' lang='lat' dir='ltr'>mero</span> <span class='ocrx_word' id='word_1_122' title='bbox 2412 1812 2803 1894; x_wconf 87' lang='lat' dir='ltr'>praeferebat</span> <span class='ocrx_word' id='word_1_123' title='bbox 2833 1831 3029 1876; x_wconf 89' lang='lat' dir='ltr'>suam</span> 
     </span>
     <span class='ocr_line' id='line_1_18' title="bbox 663 1920 3033 2004; baseline 0 -19"><span class='ocrx_word' id='word_1_124' title='bbox 663 1922 894 1985; x_wconf 85' lang='lat' dir='ltr'>sortem</span> <span class='ocrx_word' id='word_1_125' title='bbox 941 1920 1198 1984; x_wconf 89' lang='lat' dir='ltr'>interim</span> <span class='ocrx_word' id='word_1_126' title='bbox 1243 1921 1593 2003; x_wconf 81' lang='lat' dir='ltr'>deplorans,</span> <span class='ocrx_word' id='word_1_127' title='bbox 1666 1920 1753 1984; x_wconf 91' lang='lat' dir='ltr'>At</span> <span class='ocrx_word' id='word_1_128' title='bbox 1798 1921 2029 1986; x_wconf 90' lang='lat' dir='ltr'>mulier</span> <span class='ocrx_word' id='word_1_129' title='bbox 2073 1922 2188 1986; x_wconf 89' lang='lat' dir='ltr'>illa</span> <span class='ocrx_word' id='word_1_130' title='bbox 2219 1922 2867 2004; x_wconf 84' lang='lat' dir='ltr'>Knipperdollingum</span> <span class='ocrx_word' id='word_1_131' title='bbox 2909 1942 3033 2004; x_wconf 90' lang='lat' dir='ltr'>per</span> 
     </span>
     <span class='ocr_line' id='line_1_19' title="bbox 661 2026 3031 2110; baseline -0 -19"><span class='ocrx_word' id='word_1_132' title='bbox 661 2027 897 2091; x_wconf 88' lang='lat' dir='ltr'>milites</span> <span class='ocrx_word' id='word_1_133' title='bbox 967 2026 1338 2107; x_wconf 83' lang='lat' dir='ltr'>investigari</span> <span class='ocrx_word' id='word_1_134' title='bbox 1405 2027 1767 2109; x_wconf 85' lang='lat' dir='ltr'>intelligens</span> <span class='ocrx_word' id='word_1_135' title='bbox 1839 2028 2153 2109; x_wconf 87' lang='lat' dir='ltr'>trepidare</span> <span class='ocrx_word' id='word_1_136' title='bbox 2216 2028 2447 2110; x_wconf 87' lang='lat' dir='ltr'>coepit,</span> <span class='ocrx_word' id='word_1_137' title='bbox 2512 2047 2589 2092; x_wconf 92' lang='lat' dir='ltr'>ne</span> <span class='ocrx_word' id='word_1_138' title='bbox 2641 2046 2840 2092; x_wconf 81' lang='lat' dir='ltr'>novus</span> <span class='ocrx_word' id='word_1_139' title='bbox 2908 2028 3031 2091; x_wconf 83' lang='lat' dir='ltr'>ille</span> 
     </span>
     <span class='ocr_line' id='line_1_20' title="bbox 660 2133 3029 2216; baseline 0 -20"><span class='ocrx_word' id='word_1_140' title='bbox 660 2133 913 2216; x_wconf 78' lang='lat' dir='ltr'>hospeS,</span> <span class='ocrx_word' id='word_1_141' title='bbox 979 2152 1165 2215; x_wconf 90' lang='lat' dir='ltr'>quem</span> <span class='ocrx_word' id='word_1_142' title='bbox 1229 2133 1631 2213; x_wconf 88' lang='lat' dir='ltr'>occultasset,</span> <span class='ocrx_word' id='word_1_143' title='bbox 1707 2133 1831 2197; x_wconf 90' lang='lat' dir='ltr'>sibi</span> <span class='ocrx_word' id='word_1_144' title='bbox 1889 2133 2077 2198; x_wconf 84' lang='lat' dir='ltr'>exitio</span> <span class='ocrx_word' id='word_1_145' title='bbox 2126 2135 2229 2198; x_wconf 89' lang='lat' dir='ltr'>sit.</span> <span class='ocrx_word' id='word_1_146' title='bbox 2326 2133 2595 2198; x_wconf 90' lang='lat' dir='ltr'>Proinde</span> <span class='ocrx_word' id='word_1_147' title='bbox 2641 2153 2717 2197; x_wconf 90' lang='lat' dir='ltr'>ne</span> <span class='ocrx_word' id='word_1_148' title='bbox 2762 2133 2833 2196; x_wconf 91' lang='lat' dir='ltr'>in</span> <span class='ocrx_word' id='word_1_149' title='bbox 2883 2134 3029 2198; x_wconf 79' lang='lat' dir='ltr'>suis</span> 
     </span>
     <span class='ocr_line' id='line_1_21' title="bbox 659 2238 3025 2321; baseline 0 -19"><span class='ocrx_word' id='word_1_150' title='bbox 659 2239 917 2302; x_wconf 89' lang='lat' dir='ltr'>aedibus</span> <span class='ocrx_word' id='word_1_151' title='bbox 966 2238 1488 2320; x_wconf 86' lang='lat' dir='ltr'>deprehendatur,</span> <span class='ocrx_word' id='word_1_152' title='bbox 1539 2238 1912 2302; x_wconf 91' lang='lat' dir='ltr'>imminente</span> <span class='ocrx_word' id='word_1_153' title='bbox 1960 2240 2314 2321; x_wconf 82' lang='lat' dir='ltr'>vespertina</span> <span class='ocrx_word' id='word_1_154' title='bbox 2358 2240 2427 2305; x_wconf 90' lang='lat' dir='ltr'>in</span> <span class='ocrx_word' id='word_1_155' title='bbox 2457 2240 2733 2304; x_wconf 81' lang='lat' dir='ltr'>desertas</span> <span class='ocrx_word' id='word_1_156' title='bbox 2780 2239 2878 2303; x_wconf 91' lang='lat' dir='ltr'>ibi</span> <span class='ocrx_word' id='word_1_157' title='bbox 2923 2242 3025 2303; x_wconf 75' lang='lat' dir='ltr'>vi·-</span> 
     </span>
     <span class='ocr_line' id='line_1_22' title="bbox 659 2344 3025 2429; baseline 0.002 -23"><span class='ocrx_word' id='word_1_158' title='bbox 659 2344 830 2407; x_wconf 86' lang='lat' dir='ltr'>cinas</span> <span class='ocrx_word' id='word_1_159' title='bbox 879 2344 1058 2408; x_wconf 88' lang='lat' dir='ltr'>aedes</span> <span class='ocrx_word' id='word_1_160' title='bbox 1107 2345 1318 2427; x_wconf 88' lang='lat' dir='ltr'>ipsum</span> <span class='ocrx_word' id='word_1_161' title='bbox 1367 2344 1652 2408; x_wconf 86' lang='lat' dir='ltr'>secedere</span> <span class='ocrx_word' id='word_1_162' title='bbox 1700 2345 1906 2425; x_wconf 86' lang='lat' dir='ltr'>iussit,</span> <span class='ocrx_word' id='word_1_163' title='bbox 1958 2345 2025 2409; x_wconf 94' lang='lat' dir='ltr'>in</span> <span class='ocrx_word' id='word_1_164' title='bbox 2056 2346 2290 2428; x_wconf 89' lang='lat' dir='ltr'>quibus</span> <span class='ocrx_word' id='word_1_165' title='bbox 2339 2367 2403 2411; x_wconf 91' lang='grc'><strong>86</strong></span> <span class='ocrx_word' id='word_1_166' title='bbox 2444 2366 2555 2429; x_wconf 90' lang='lat' dir='ltr'>pro</span> <span class='ocrx_word' id='word_1_167' title='bbox 2587 2346 2853 2410; x_wconf 85' lang='lat' dir='ltr'>arbitrio</span> <span class='ocrx_word' id='word_1_168' title='bbox 2905 2347 3025 2410; x_wconf 86' lang='lat' dir='ltr'>ab·</span> 
     </span>
     <span class='ocr_line' id='line_1_23' title="bbox 659 2448 3022 2537; baseline 0.001 -24"><span class='ocrx_word' id='word_1_169' title='bbox 659 2450 934 2513; x_wconf 90' lang='lat' dir='ltr'>scondat.</span> <span class='ocrx_word' id='word_1_170' title='bbox 1016 2448 1176 2513; x_wconf 89' lang='lat' dir='ltr'>Cum</span> <span class='ocrx_word' id='word_1_171' title='bbox 1222 2470 1366 2514; x_wconf 88' lang='lat' dir='ltr'>vero</span> <span class='ocrx_word' id='word_1_172' title='bbox 1413 2451 1616 2514; x_wconf 87' lang='lat' dir='ltr'>multa</span> <span class='ocrx_word' id='word_1_173' title='bbox 1664 2451 1899 2532; x_wconf 84' lang='lat' dir='ltr'>passim</span> <span class='ocrx_word' id='word_1_174' title='bbox 1946 2451 2081 2515; x_wconf 85' lang='lat' dir='ltr'>loca</span> <span class='ocrx_word' id='word_1_175' title='bbox 2126 2453 2193 2516; x_wconf 89' lang='lat' dir='ltr'>in</span> <span class='ocrx_word' id='word_1_176' title='bbox 2225 2455 2381 2517; x_wconf 90' lang='lat' dir='ltr'>urbe</span> <span class='ocrx_word' id='word_1_177' title='bbox 2427 2452 2808 2537; x_wconf 85' lang='lat' dir='ltr'>perscrutati</span> <span class='ocrx_word' id='word_1_178' title='bbox 2853 2452 3022 2516; x_wconf 85' lang='lat' dir='ltr'>fuis-</span> 
     </span>
     <span class='ocr_line' id='line_1_24' title="bbox 659 2556 3023 2642; baseline 0.002 -22"><span class='ocrx_word' id='word_1_179' title='bbox 659 2560 799 2620; x_wconf 90' lang='lat' dir='ltr'>sent</span> <span class='ocrx_word' id='word_1_180' title='bbox 844 2575 1043 2638; x_wconf 86' lang='lat' dir='ltr'>neque</span> <span class='ocrx_word' id='word_1_181' title='bbox 1077 2556 1719 2639; x_wconf 85' lang='lat' dir='ltr'>Knipperdollingum</span> <span class='ocrx_word' id='word_1_182' title='bbox 1751 2557 2156 2638; x_wconf 83' lang='lat' dir='ltr'>invenissent,</span> <span class='ocrx_word' id='word_1_183' title='bbox 2208 2558 2308 2623; x_wconf 92' lang='lat' dir='ltr'>die</span> <span class='ocrx_word' id='word_1_184' title='bbox 2342 2560 2644 2642; x_wconf 87' lang='lat' dir='ltr'>sequenti,</span> <span class='ocrx_word' id='word_1_185' title='bbox 2696 2578 2854 2641; x_wconf 87' lang='lat' dir='ltr'>qnae</span> <span class='ocrx_word' id='word_1_186' title='bbox 2886 2559 3023 2624; x_wconf 82' lang='lat' dir='ltr'>fuit</span> 
     </span>
     <span class='ocr_line' id='line_1_25' title="bbox 660 2662 3023 2747; baseline 0 -19"><span class='ocrx_word' id='word_1_187' title='bbox 660 2664 764 2728; x_wconf 81' lang='lat'>27.</span> <span class='ocrx_word' id='word_1_188' title='bbox 799 2662 987 2742; x_wconf 91' lang='lat' dir='ltr'>Iunii,</span> <span class='ocrx_word' id='word_1_189' title='bbox 1040 2663 1449 2727; x_wconf 88' lang='lat' dir='ltr'>mussitatum</span> <span class='ocrx_word' id='word_1_190' title='bbox 1495 2666 1589 2727; x_wconf 89' lang='lat' dir='ltr'>est</span> <span class='ocrx_word' id='word_1_191' title='bbox 1637 2663 1849 2745; x_wconf 90' lang='lat' dir='ltr'>ipsum</span> <span class='ocrx_word' id='word_1_192' title='bbox 1888 2664 2055 2745; x_wconf 89' lang='lat' dir='ltr'>apud</span> <span class='ocrx_word' id='word_1_193' title='bbox 2104 2667 2349 2747; x_wconf 87' lang='lat' dir='ltr'>portam</span> <span class='ocrx_word' id='word_1_194' title='bbox 2379 2665 2856 2747; x_wconf 82' lang='lat' dir='ltr'>Neopontanam</span> <span class='ocrx_word' id='word_1_195' title='bbox 2902 2686 3023 2747; x_wconf 93' lang='lat' dir='ltr'>po-</span> 
     </span>
     <span class='ocr_line' id='line_1_26' title="bbox 661 2769 3019 2852; baseline 0.001 -19"><span class='ocrx_word' id='word_1_196' title='bbox 661 2771 890 2833; x_wconf 83' lang='lat' dir='ltr'>stremo</span> <span class='ocrx_word' id='word_1_197' title='bbox 923 2769 1131 2833; x_wconf 86' lang='lat' dir='ltr'>visum</span> <span class='ocrx_word' id='word_1_198' title='bbox 1177 2770 1399 2848; x_wconf 84' lang='lat' dir='ltr'>fuisse3</span> <span class='ocrx_word' id='word_1_199' title='bbox 1449 2789 1640 2851; x_wconf 90' lang='lat' dir='ltr'>quare</span> <span class='ocrx_word' id='word_1_200' title='bbox 1672 2789 1740 2833; x_wconf 91' lang='lat' dir='ltr'>eo</span> <span class='ocrx_word' id='word_1_201' title='bbox 1772 2769 2016 2852; x_wconf 89' lang='lat' dir='ltr'>aliquot</span> <span class='ocrx_word' id='word_1_202' title='bbox 2047 2771 2331 2835; x_wconf 90' lang='lat' dir='ltr'>cohortes</span> <span class='ocrx_word' id='word_1_203' title='bbox 2366 2770 2445 2834; x_wconf 91' lang='lat' dir='ltr'>ad</span> <span class='ocrx_word' id='word_1_204' title='bbox 2491 2770 2702 2852; x_wconf 91' lang='lat' dir='ltr'>ipsum</span> <span class='ocrx_word' id='word_1_205' title='bbox 2747 2770 3019 2835; x_wconf 83' lang='lat' dir='ltr'>investi-</span> 
     </span>
     <span class='ocr_line' id='line_1_27' title="bbox 658 2874 3018 2958; baseline 0.001 -20"><span class='ocrx_word' id='word_1_206' title='bbox 658 2874 936 2958; x_wconf 85' lang='lat' dir='ltr'>gandum</span> <span class='ocrx_word' id='word_1_207' title='bbox 967 2876 1328 2939; x_wconf 89' lang='lat' dir='ltr'>mittuntur.</span> <span class='ocrx_word' id='word_1_208' title='bbox 1400 2875 1649 2938; x_wconf 87' lang='lat' dir='ltr'>Interea</span> <span class='ocrx_word' id='word_1_209' title='bbox 1693 2876 2296 2958; x_wconf 85' lang='lat' dir='ltr'>anabaptisticarum</span> <span class='ocrx_word' id='word_1_210' title='bbox 2342 2877 2720 2941; x_wconf 84' lang='lat' dir='ltr'>feminarum</span> <span class='ocrx_word' id='word_1_211' title='bbox 2752 2876 2831 2942; x_wconf 88' lang='lat' dir='ltr'>fit</span> <span class='ocrx_word' id='word_1_212' title='bbox 2862 2897 3018 2941; x_wconf 88' lang='lat' dir='ltr'>con-</span> 
     </span>
     <span class='ocr_line' id='line_1_28' title="bbox 659 2983 3019 3066; baseline 0.002 -21"><span class='ocrx_word' id='word_1_213' title='bbox 659 3000 899 3062; x_wconf 88' lang='lat' dir='ltr'>cursus,</span> <span class='ocrx_word' id='word_1_214' title='bbox 949 3001 1094 3045; x_wconf 92' lang='lat' dir='ltr'>cum</span> <span class='ocrx_word' id='word_1_215' title='bbox 1141 3001 1252 3063; x_wconf 84' lang='lat' dir='ltr'>per</span> <span class='ocrx_word' id='word_1_216' title='bbox 1296 2999 1663 3063; x_wconf 87' lang='lat' dir='ltr'>praeconem</span> <span class='ocrx_word' id='word_1_217' title='bbox 1694 2983 1850 3046; x_wconf 91' lang='lat' dir='ltr'>urbe</span> <span class='ocrx_word' id='word_1_218' title='bbox 1897 2983 2185 3047; x_wconf 85' lang='lat' dir='ltr'>excedere</span> <span class='ocrx_word' id='word_1_219' title='bbox 2231 2983 2601 3048; x_wconf 88' lang='lat' dir='ltr'>iuberentur</span> <span class='ocrx_word' id='word_1_220' title='bbox 2621 2985 2661 3048; x_wconf 79' lang='lat'>².</span> <span class='ocrx_word' id='word_1_221' title='bbox 2720 2983 2817 3047; x_wconf 89' lang='lat' dir='ltr'>Ad</span> <span class='ocrx_word' id='word_1_222' title='bbox 2855 3002 3019 3066; x_wconf 84' lang='lat' dir='ltr'>quas</span> 
     </span>
     <span class='ocr_line' id='line_1_29' title="bbox 657 3087 3019 3171; baseline 0.001 -20"><span class='ocrx_word' id='word_1_223' title='bbox 657 3087 1067 3152; x_wconf 87' lang='lat' dir='ltr'>Uberstenius</span> <span class='ocrx_word' id='word_1_224' title='bbox 1115 3108 1270 3168; x_wconf 85' lang='lat' dir='ltr'>eam,</span> <span class='ocrx_word' id='word_1_225' title='bbox 1322 3107 1477 3171; x_wconf 90' lang='lat' dir='ltr'>quae</span> <span class='ocrx_word' id='word_1_226' title='bbox 1532 3088 2179 3171; x_wconf 87' lang='lat' dir='ltr'>Knipperdollingum</span> <span class='ocrx_word' id='word_1_227' title='bbox 2222 3092 2621 3171; x_wconf 88' lang='lat' dir='ltr'>monstraret,</span> <span class='ocrx_word' id='word_1_228' title='bbox 2673 3109 2737 3153; x_wconf 90' lang='lat' dir='ltr'>se</span> <span class='ocrx_word' id='word_1_229' title='bbox 2768 3090 2906 3154; x_wconf 77' lang='lat' dir='ltr'>vita</span> <span class='ocrx_word' id='word_1_230' title='bbox 2953 3092 3019 3154; x_wconf 86' lang='lat' dir='ltr'>et</span> 
     </span>
    </p>
   </div>
   <div class='ocr_carea' id='block_1_5' title="bbox 655 3249 1082 3258">
    <p class='ocr_par' dir='ltr' id='par_1_6' title="bbox 655 3249 1082 3258">
     <span class='ocr_line' id='line_1_30' title="bbox 655 3249 1082 3258; baseline 0 1817"><span class='ocrx_word' id='word_1_231' title='bbox 655 3249 1082 3258; x_wconf 95' lang='lat' dir='ltr'> </span> 
     </span>
    </p>
   </div>
   <div class='ocr_carea' id='block_1_6' title="bbox 649 3351 3019 4396">
    <p class='ocr_par' dir='ltr' id='par_1_7' title="bbox 652 3351 3019 3861">
     <span class='ocr_line' id='line_1_31' title="bbox 877 3351 3019 3422; baseline 0.001 -16"><span class='ocrx_word' id='word_1_232' title='bbox 877 3352 915 3414; x_wconf 86' lang='lat'>¹)</span> <span class='ocrx_word' id='word_1_233' title='bbox 952 3351 1137 3422; x_wconf 81' lang='lat' dir='ltr'>Vergl.</span> <span class='ocrx_word' id='word_1_234' title='bbox 1175 3353 1242 3406; x_wconf 89' lang='lat' dir='ltr'>D.</span> <span class='ocrx_word' id='word_1_235' title='bbox 1283 3352 1465 3406; x_wconf 87' lang='lat' dir='ltr'>Lilie</span> <span class='ocrx_word' id='word_1_236' title='bbox 1516 3352 1568 3405; x_wconf 92' lang='lat' dir='ltr'>S.</span> <span class='ocrx_word' id='word_1_237' title='bbox 1607 3354 1738 3405; x_wconf 72' lang='lat'>260:</span> <span class='ocrx_word' id='word_1_238' title='bbox 1783 3352 1897 3416; x_wconf 85' lang='lat' dir='ltr'>„Do</span> <span class='ocrx_word' id='word_1_239' title='bbox 1935 3353 2149 3406; x_wconf 81' lang='lat' dir='ltr'>worden</span> <span class='ocrx_word' id='word_1_240' title='bbox 2201 3353 2287 3406; x_wconf 87' lang='lat' dir='ltr'>die</span> <span class='ocrx_word' id='word_1_241' title='bbox 2324 3354 2491 3408; x_wconf 83' lang='lat' dir='ltr'>buron</span> <span class='ocrx_word' id='word_1_242' title='bbox 2532 3353 2812 3407; x_wconf 81' lang='lat' dir='ltr'>ummeher</span> <span class='ocrx_word' id='word_1_243' title='bbox 2851 3355 2907 3407; x_wconf 89' lang='lat' dir='ltr'>in</span> <span class='ocrx_word' id='word_1_244' title='bbox 2948 3355 3019 3408; x_wconf 87' lang='lat' dir='ltr'>de</span> 
     </span>
     <span class='ocr_line' id='line_1_32' title="bbox 655 3439 3013 3510; baseline 0.002 -18"><span class='ocrx_word' id='word_1_245' title='bbox 655 3440 806 3493; x_wconf 83' lang='lat' dir='ltr'>stadt</span> <span class='ocrx_word' id='word_1_246' title='bbox 857 3439 1101 3509; x_wconf 84' lang='lat' dir='ltr'>gclatcn,</span> <span class='ocrx_word' id='word_1_247' title='bbox 1157 3440 1223 3494; x_wconf 87' lang='grc'>(16</span> <span class='ocrx_word' id='word_1_248' title='bbox 1261 3440 1436 3494; x_wconf 83' lang='lat' dir='ltr'>dodon</span> <span class='ocrx_word' id='word_1_249' title='bbox 1494 3457 1749 3510; x_wconf 72' lang='lat' dir='ltr'>corpor-en</span> <span class='ocrx_word' id='word_1_250' title='bbox 1788 3440 1915 3493; x_wconf 87' lang='lat' dir='ltr'>umb</span> <span class='ocrx_word' id='word_1_251' title='bbox 1954 3440 2047 3494; x_wconf 84' lang='lat' dir='ltr'>dos</span> <span class='ocrx_word' id='word_1_252' title='bbox 2086 3446 2278 3510; x_wconf 88' lang='lat' dir='ltr'>grotcn</span> <span class='ocrx_word' id='word_1_253' title='bbox 2317 3442 2567 3496; x_wconf 80' lang='lat' dir='ltr'>stanckes</span> <span class='ocrx_word' id='word_1_254' title='bbox 2603 3442 2783 3495; x_wconf 80' lang='lat' dir='ltr'>willon</span> <span class='ocrx_word' id='word_1_255' title='bbox 2823 3447 2881 3495; x_wconf 84' lang='lat' dir='ltr'>to</span> <span class='ocrx_word' id='word_1_256' title='bbox 2921 3443 3013 3496; x_wconf 77' lang='lat' dir='ltr'>be·</span> 
     </span>
     <span class='ocr_line' id='line_1_33' title="bbox 655 3528 3011 3600; baseline 0 -19"><span class='ocrx_word' id='word_1_257' title='bbox 655 3545 871 3596; x_wconf 81' lang='lat' dir='ltr'>gravon.</span> <span class='ocrx_word' id='word_1_258' title='bbox 946 3529 1026 3581; x_wconf 89' lang='lat' dir='ltr'>De</span> <span class='ocrx_word' id='word_1_259' title='bbox 1064 3529 1232 3581; x_wconf 84' lang='lat' dir='ltr'>buron</span> <span class='ocrx_word' id='word_1_260' title='bbox 1272 3533 1435 3598; x_wconf 87' lang='lat' dir='ltr'>togcn</span> <span class='ocrx_word' id='word_1_261' title='bbox 1474 3528 1539 3582; x_wconf 90' lang='lat' dir='ltr'>de</span> <span class='ocrx_word' id='word_1_262' title='bbox 1579 3528 1753 3581; x_wconf 88' lang='lat' dir='ltr'>dodon</span> <span class='ocrx_word' id='word_1_263' title='bbox 1790 3528 1956 3581; x_wconf 84' lang='lat' dir='ltr'>naket</span> <span class='ocrx_word' id='word_1_264' title='bbox 1994 3529 2094 3583; x_wconf 86' lang='lat' dir='ltr'>uth</span> <span class='ocrx_word' id='word_1_265' title='bbox 2149 3529 2291 3584; x_wconf 85' lang='lat' dir='ltr'>unde</span> <span class='ocrx_word' id='word_1_266' title='bbox 2330 3530 2635 3600; x_wconf 86' lang='lat' dir='ltr'>spolierden</span> <span class='ocrx_word' id='word_1_267' title='bbox 2673 3529 3011 3598; x_wconf 75' lang='lat' dir='ltr'>desulvigen,</span> 
     </span>
     <span class='ocr_line' id='line_1_34' title="bbox 654 3616 3011 3688; baseline 0.001 -19"><span class='ocrx_word' id='word_1_268' title='bbox 654 3634 852 3685; x_wconf 79' lang='lat' dir='ltr'>grovcn</span> <span class='ocrx_word' id='word_1_269' title='bbox 891 3620 1046 3686; x_wconf 78' lang='lat' dir='ltr'>grote</span> <span class='ocrx_word' id='word_1_270' title='bbox 1084 3616 1245 3670; x_wconf 89' lang='lat' dir='ltr'>kulcn</span> <span class='ocrx_word' id='word_1_271' title='bbox 1301 3634 1373 3686; x_wconf 90' lang='lat' dir='ltr'>up</span> <span class='ocrx_word' id='word_1_272' title='bbox 1414 3617 1516 3670; x_wconf 82' lang='lat' dir='ltr'>den</span> <span class='ocrx_word' id='word_1_273' title='bbox 1553 3616 1889 3670; x_wconf 81' lang='lat' dir='ltr'>kcrckhovcn</span> <span class='ocrx_word' id='word_1_274' title='bbox 1942 3617 2105 3671; x_wconf 86' lang='lat' dir='ltr'>eddcr</span> <span class='ocrx_word' id='word_1_275' title='bbox 2143 3619 2348 3684; x_wconf 80' lang='lat' dir='ltr'>steden‚</span> <span class='ocrx_word' id='word_1_276' title='bbox 2401 3619 2499 3672; x_wconf 86' lang='lat' dir='ltr'>dar</span> <span class='ocrx_word' id='word_1_277' title='bbox 2535 3636 2591 3672; x_wconf 90' lang='grc'><strong>86</strong></span> <span class='ocrx_word' id='word_1_278' title='bbox 2630 3618 2807 3688; x_wconf 82' lang='lat' dir='ltr'>legen,</span> <span class='ocrx_word' id='word_1_279' title='bbox 2866 3619 3011 3672; x_wconf 86' lang='lat' dir='ltr'>unde</span> 
     </span>
     <span class='ocr_line' id='line_1_35' title="bbox 653 3705 3007 3777; baseline 0.001 -19"><span class='ocrx_word' id='word_1_280' title='bbox 653 3722 864 3773; x_wconf 79' lang='lat' dir='ltr'>worpcn</span> <span class='ocrx_word' id='word_1_281' title='bbox 904 3705 969 3758; x_wconf 88' lang='lat' dir='ltr'>de</span> <span class='ocrx_word' id='word_1_282' title='bbox 1008 3705 1180 3758; x_wconf 80' lang='lat' dir='ltr'>dodon</span> <span class='ocrx_word' id='word_1_283' title='bbox 1221 3723 1278 3758; x_wconf 90' lang='lat' dir='ltr'>so</span> <span class='ocrx_word' id='word_1_284' title='bbox 1316 3706 1482 3758; x_wconf 87' lang='lat' dir='ltr'>nakct</span> <span class='ocrx_word' id='word_1_285' title='bbox 1519 3707 1573 3758; x_wconf 90' lang='lat' dir='ltr'>in</span> <span class='ocrx_word' id='word_1_286' title='bbox 1613 3705 1680 3759; x_wconf 91' lang='lat' dir='ltr'>de</span> <span class='ocrx_word' id='word_1_287' title='bbox 1718 3705 1899 3772; x_wconf 70' lang='grc'><strong>11111611,</strong></span> <span class='ocrx_word' id='word_1_288' title='bbox 1940 3705 2043 3758; x_wconf 80' lang='lat' dir='ltr'>den</span> <span class='ocrx_word' id='word_1_289' title='bbox 2084 3708 2239 3759; x_wconf 88' lang='lat' dir='ltr'>eincn</span> <span class='ocrx_word' id='word_1_290' title='bbox 2278 3723 2351 3777; x_wconf 90' lang='lat' dir='ltr'>up</span> <span class='ocrx_word' id='word_1_291' title='bbox 2389 3708 2493 3761; x_wconf 91' lang='lat' dir='ltr'>den</span> <span class='ocrx_word' id='word_1_292' title='bbox 2531 3706 2784 3772; x_wconf 78' lang='lat' dir='ltr'>anderen,</span> <span class='ocrx_word' id='word_1_293' title='bbox 2830 3706 3007 3776; x_wconf 83' lang='lat' dir='ltr'>gelick</span> 
     </span>
     <span class='ocr_line' id='line_1_36' title="bbox 652 3793 3005 3861; baseline 0 -14"><span class='ocrx_word' id='word_1_294' title='bbox 652 3793 748 3846; x_wconf 85' lang='lat' dir='ltr'>dat</span> <span class='ocrx_word' id='word_1_295' title='bbox 784 3794 968 3847; x_wconf 85' lang='lat' dir='ltr'>becste</span> <span class='ocrx_word' id='word_1_296' title='bbox 992 3811 1167 3847; x_wconf 81' lang='lat' dir='ltr'>weren</span> <span class='ocrx_word' id='word_1_297' title='bbox 1205 3797 1454 3861; x_wconf 74' lang='lat' dir='ltr'>gewest.·‘</span> <span class='ocrx_word' id='word_1_298' title='bbox 1522 3795 1574 3848; x_wconf 92' lang='lat' dir='ltr'>S.</span> <span class='ocrx_word' id='word_1_299' title='bbox 1602 3793 1744 3848; x_wconf 82' lang='lat' dir='ltr'>auch</span> <span class='ocrx_word' id='word_1_300' title='bbox 1779 3794 1920 3848; x_wconf 84' lang='lat' dir='ltr'>Joh.</span> <span class='ocrx_word' id='word_1_301' title='bbox 1960 3795 2313 3849; x_wconf 87' lang='lat' dir='ltr'>Fabricius</span> <span class='ocrx_word' id='word_1_302' title='bbox 2350 3795 2691 3849; x_wconf 82' lang='lat' dir='ltr'>Bolandus</span> <span class='ocrx_word' id='word_1_303' title='bbox 2728 3795 2815 3849; x_wconf 79' lang='lat'>131.</span> <span class='ocrx_word' id='word_1_304' title='bbox 2842 3795 3005 3848; x_wconf 73' lang='grc' dir='ltr'>ΔΑΒ.</span> 
     </span>
    </p>

    <p class='ocr_par' dir='ltr' id='par_1_8' title="bbox 649 3881 3009 4396">
     <span class='ocr_line' id='line_1_37' title="bbox 866 3881 3009 3953; baseline 0.001 -19"><span class='ocrx_word' id='word_1_305' title='bbox 866 3881 908 3950; x_wconf 78' lang='lat'>⁵¹)</span> <span class='ocrx_word' id='word_1_306' title='bbox 952 3882 1260 3950; x_wconf 86' lang='lat' dir='ltr'>„Weitter,“</span> <span class='ocrx_word' id='word_1_307' title='bbox 1304 3883 1543 3937; x_wconf 82' lang='lat' dir='ltr'>schreibt</span> <span class='ocrx_word' id='word_1_308' title='bbox 1578 3900 1666 3936; x_wconf 87' lang='lat' dir='ltr'>am</span> <span class='ocrx_word' id='word_1_309' title='bbox 1706 3883 1752 3935; x_wconf 77' lang='lat'>7.</span> <span class='ocrx_word' id='word_1_310' title='bbox 1780 3882 1896 3936; x_wconf 88' lang='lat' dir='ltr'>Juli</span> <span class='ocrx_word' id='word_1_311' title='bbox 1936 3883 2233 3953; x_wconf 83' lang='lat' dir='ltr'>Siegmund</span> <span class='ocrx_word' id='word_1_312' title='bbox 2258 3901 2308 3938; x_wconf 80' lang='lat' dir='ltr'>v,</span> <span class='ocrx_word' id='word_1_313' title='bbox 2334 3884 2646 3953; x_wconf 84' lang='lat' dir='ltr'>Boincburg</span> <span class='ocrx_word' id='word_1_314' title='bbox 2682 3883 2802 3937; x_wconf 87' lang='lat' dir='ltr'>dem</span> <span class='ocrx_word' id='word_1_315' title='bbox 2830 3883 3009 3936; x_wconf 85' lang='lat' dir='ltr'>Land-</span> 
     </span>
     <span class='ocr_line' id='line_1_38' title="bbox 652 3970 3007 4041; baseline 0.001 -18"><span class='ocrx_word' id='word_1_316' title='bbox 652 3972 840 4039; x_wconf 83' lang='lat' dir='ltr'>grafen</span> <span class='ocrx_word' id='word_1_317' title='bbox 883 3971 1103 4041; x_wconf 86' lang='lat' dir='ltr'>Philipp</span> <span class='ocrx_word' id='word_1_318' title='bbox 1145 3972 1239 4038; x_wconf 85' lang='lat' dir='ltr'>(M.</span> <span class='ocrx_word' id='word_1_319' title='bbox 1280 3970 1435 4036; x_wconf 84' lang='lat' dir='ltr'><strong>G.-Q·.</strong></span> <span class='ocrx_word' id='word_1_320' title='bbox 1473 3971 1551 4039; x_wconf 91' lang='lat' dir='ltr'>II,</span> <span class='ocrx_word' id='word_1_321' title='bbox 1590 3974 1737 4039; x_wconf 67' lang='lat'>3158),</span> <span class='ocrx_word' id='word_1_322' title='bbox 1794 3972 1913 4038; x_wconf 79' lang='lat' dir='ltr'>„wil</span> <span class='ocrx_word' id='word_1_323' title='bbox 1950 3972 2040 4025; x_wconf 86' lang='lat' dir='ltr'>ich</span> <span class='ocrx_word' id='word_1_324' title='bbox 2080 3990 2124 4026; x_wconf 89' lang='lat' dir='ltr'>e.</span> <span class='ocrx_word' id='word_1_325' title='bbox 2164 3972 2200 4026; x_wconf 85' lang='lat' dir='ltr'>f.</span> <span class='ocrx_word' id='word_1_326' title='bbox 2241 3990 2293 4041; x_wconf 80' lang='lat' dir='ltr'>g.</span> <span class='ocrx_word' id='word_1_327' title='bbox 2332 3972 2470 4026; x_wconf 85' lang='lat' dir='ltr'>auch</span> <span class='ocrx_word' id='word_1_328' title='bbox 2517 3972 2670 4026; x_wconf 87' lang='lat' dir='ltr'>nicht</span> <span class='ocrx_word' id='word_1_329' title='bbox 2706 3972 3007 4038; x_wconf 77' lang='lat' dir='ltr'>vcrhalten,</span> 
     </span>
     <span class='ocr_line' id='line_1_39' title="bbox 651 4058 3003 4130; baseline 0.002 -20"><span class='ocrx_word' id='word_1_330' title='bbox 651 4058 747 4111; x_wconf 79' lang='lat' dir='ltr'>das</span> <span class='ocrx_word' id='word_1_331' title='bbox 785 4077 854 4112; x_wconf 89' lang='lat' dir='ltr'>m.</span> <span class='ocrx_word' id='word_1_332' title='bbox 893 4077 945 4128; x_wconf 86' lang='lat' dir='ltr'>g.</span> <span class='ocrx_word' id='word_1_333' title='bbox 983 4059 1036 4113; x_wconf 92' lang='lat' dir='ltr'>h.</span> <span class='ocrx_word' id='word_1_334' title='bbox 1075 4077 1177 4112; x_wconf 85' lang='lat' dir='ltr'>von</span> <span class='ocrx_word' id='word_1_335' title='bbox 1215 4060 1461 4114; x_wconf 80' lang='lat' dir='ltr'>Munstcr</span> <span class='ocrx_word' id='word_1_336' title='bbox 1498 4059 1605 4113; x_wconf 82' lang='lat' dir='ltr'>alle</span> <span class='ocrx_word' id='word_1_337' title='bbox 1645 4060 1732 4113; x_wconf 89' lang='lat' dir='ltr'>die</span> <span class='ocrx_word' id='word_1_338' title='bbox 1768 4061 1981 4124; x_wconf 81' lang='lat' dir='ltr'>weibcr,</span> <span class='ocrx_word' id='word_1_339' title='bbox 2021 4078 2078 4113; x_wconf 91' lang='lat' dir='ltr'>so</span> <span class='ocrx_word' id='word_1_340' title='bbox 2118 4061 2175 4113; x_wconf 89' lang='lat' dir='ltr'>in</span> <span class='ocrx_word' id='word_1_341' title='bbox 2212 4061 2461 4114; x_wconf 84' lang='lat' dir='ltr'>Munster</span> <span class='ocrx_word' id='word_1_342' title='bbox 2497 4065 2714 4130; x_wconf 72' lang='lat' dir='ltr'>gewcst,</span> <span class='ocrx_word' id='word_1_343' title='bbox 2752 4060 2809 4112; x_wconf 92' lang='lat' dir='ltr'>in</span> <span class='ocrx_word' id='word_1_344' title='bbox 2849 4061 3003 4114; x_wconf 80' lang='lat' dir='ltr'>einen</span> 
     </span>
     <span class='ocr_line' id='line_1_40' title="bbox 650 4145 3003 4218; baseline 0.002 -19"><span class='ocrx_word' id='word_1_345' title='bbox 650 4145 749 4199; x_wconf 82' lang='lat' dir='ltr'>hof</span> <span class='ocrx_word' id='word_1_346' title='bbox 783 4164 1088 4201; x_wconf 83' lang='lat' dir='ltr'>zusammen</span> <span class='ocrx_word' id='word_1_347' title='bbox 1127 4148 1402 4216; x_wconf 83' lang='lat' dir='ltr'>gcfordert</span> <span class='ocrx_word' id='word_1_348' title='bbox 1439 4149 1549 4202; x_wconf 90' lang='lat' dir='ltr'>und</span> <span class='ocrx_word' id='word_1_349' title='bbox 1586 4149 1714 4202; x_wconf 87' lang='grc'><strong>111611</strong></span> <span class='ocrx_word' id='word_1_350' title='bbox 1751 4147 2034 4202; x_wconf 85' lang='lat' dir='ltr'>vorhalten</span> <span class='ocrx_word' id='word_1_351' title='bbox 2072 4147 2268 4216; x_wconf 86' lang='lat' dir='ltr'>lossen,</span> <span class='ocrx_word' id='word_1_352' title='bbox 2305 4166 2385 4202; x_wconf 80' lang='lat' dir='ltr'>wo</span> <span class='ocrx_word' id='word_1_353' title='bbox 2416 4149 2495 4202; x_wconf 89' lang='lat' dir='ltr'>sie</span> <span class='ocrx_word' id='word_1_354' title='bbox 2533 4148 2709 4218; x_wconf 86' lang='lat' dir='ltr'>gnade</span> <span class='ocrx_word' id='word_1_355' title='bbox 2747 4148 3003 4217; x_wconf 81' lang='lat' dir='ltr'>begertcn</span> 
     </span>
     <span class='ocr_line' id='line_1_41' title="bbox 650 4234 3005 4292; baseline 0.002 -5"><span class='ocrx_word' id='word_1_356' title='bbox 650 4234 761 4288; x_wconf 84' lang='lat' dir='ltr'>und</span> <span class='ocrx_word' id='word_1_357' title='bbox 797 4252 898 4289; x_wconf 83' lang='lat' dir='ltr'>von</span> <span class='ocrx_word' id='word_1_358' title='bbox 956 4237 1090 4289; x_wconf 87' lang='lat' dir='ltr'>irem</span> <span class='ocrx_word' id='word_1_359' title='bbox 1125 4253 1414 4291; x_wconf 81' lang='lat' dir='ltr'>vornemeu</span> <span class='ocrx_word' id='word_1_360' title='bbox 1470 4238 1566 4291; x_wconf 91' lang='lat' dir='ltr'>der</span> <span class='ocrx_word' id='word_1_361' title='bbox 1598 4237 1971 4290; x_wconf 76' lang='lat' dir='ltr'>vorfurischen</span> <span class='ocrx_word' id='word_1_362' title='bbox 2029 4241 2210 4290; x_wconf 85' lang='lat' dir='ltr'>secten</span> <span class='ocrx_word' id='word_1_363' title='bbox 2270 4237 2365 4291; x_wconf 85' lang='lat' dir='ltr'>der</span> <span class='ocrx_word' id='word_1_364' title='bbox 2401 4237 2694 4290; x_wconf 79' lang='lat' dir='ltr'>widcrtauf</span> <span class='ocrx_word' id='word_1_365' title='bbox 2744 4236 3005 4292; x_wconf 84' lang='lat' dir='ltr'>abstehen</span> 
     </span>
     <span class='ocr_line' id='line_1_42' title="bbox 649 4323 2707 4396; baseline 0.001 -20"><span class='ocrx_word' id='word_1_366' title='bbox 649 4323 862 4391; x_wconf 68' lang='lat' dir='ltr'>wolton,</span> <span class='ocrx_word' id='word_1_367' title='bbox 899 4323 1100 4378; x_wconf 82' lang='lat' dir='ltr'>wolton</span> <span class='ocrx_word' id='word_1_368' title='bbox 1137 4342 1179 4378; x_wconf 91' lang='grc'>8.</span> <span class='ocrx_word' id='word_1_369' title='bbox 1217 4326 1256 4380; x_wconf 86' lang='lat' dir='ltr'>f.</span> <span class='ocrx_word' id='word_1_370' title='bbox 1295 4343 1348 4395; x_wconf 85' lang='lat' dir='ltr'>g.</span> <span class='ocrx_word' id='word_1_371' title='bbox 1388 4326 1466 4380; x_wconf 86' lang='grc'>816</span> <span class='ocrx_word' id='word_1_372' title='bbox 1503 4325 1834 4395; x_wconf 85' lang='lat' dir='ltr'>begnaden.“</span> <span class='ocrx_word' id='word_1_373' title='bbox 1914 4325 2039 4394; x_wconf 82' lang='lat' dir='ltr'>vgl.</span> <span class='ocrx_word' id='word_1_374' title='bbox 2078 4324 2260 4396; x_wconf 87' lang='lat' dir='ltr'>gleich</span> <span class='ocrx_word' id='word_1_375' title='bbox 2295 4327 2483 4380; x_wconf 80' lang='lat' dir='ltr'>weiter</span> <span class='ocrx_word' id='word_1_376' title='bbox 2519 4330 2707 4380; x_wconf 87' lang='lat' dir='ltr'>unten.</span> 
     </span>
    </p>
   </div>
  </div>
 </body>
</html>
