<?xml version="1.0" encoding="UTF-8"?>
<!DOCTYPE html PUBLIC "-//W3C//DTD XHTML 1.0 Transitional//EN"
    "http://www.w3.org/TR/xhtml1/DTD/xhtml1-transitional.dtd">
<html xmlns="http://www.w3.org/1999/xhtml" xml:lang="en" lang="en">
 <head>
  <title>
</title>
<meta http-equiv="Content-Type" content="text/html;charset=utf-8" />
  <meta name='ocr-system' content='tesseract 3.04.00' />
  <meta name='ocr-capabilities' content='ocr_page ocr_carea ocr_par ocr_line ocrx_word'/>
</head>
<body>
  <div class='ocr_page' id='page_1' title='image "./hermanniakersse00westgoog_0106.png"; bbox 0 0 3259 5075; ppageno 0'>
   <div class='ocr_carea' id='block_1_1' title="bbox 554 267 2033 336">
    <p class='ocr_par' dir='ltr' id='par_1_1' title="bbox 554 267 2033 336">
     <span class='ocr_line' id='line_1_1' title="bbox 554 267 2033 336; baseline -0.002 0"><span class='ocrx_word' id='word_1_1' title='bbox 554 270 691 336; x_wconf 82' lang='lat'>482</span> <span class='ocrx_word' id='word_1_2' title='bbox 1417 267 1602 334; x_wconf 86' lang='lat' dir='ltr'>Anno</span> <span class='ocrx_word' id='word_1_3' title='bbox 1655 269 1828 335; x_wconf 83' lang='lat'>1534</span> <span class='ocrx_word' id='word_1_4' title='bbox 1874 270 2033 333; x_wconf 85' lang='lat' dir='ltr'>acta.</span> 
     </span>
    </p>
   </div>
   <div class='ocr_carea' id='block_1_2' title="bbox 272 441 2916 1910">
    <p class='ocr_par' dir='ltr' id='par_1_2' title="bbox 272 441 2916 1910">
     <span class='ocr_line' id='line_1_2' title="bbox 557 441 2909 530; baseline -0.002 -18"><span class='ocrx_word' id='word_1_5' title='bbox 557 465 705 512; x_wconf 90' lang='lat' dir='ltr'>cum</span> <span class='ocrx_word' id='word_1_6' title='bbox 749 464 1062 530; x_wconf 80' lang='lat' dir='ltr'><strong>nusquam</strong></span> <span class='ocrx_word' id='word_1_7' title='bbox 1105 445 1333 510; x_wconf 88' lang='lat' dir='ltr'>tutiori</span> <span class='ocrx_word' id='word_1_8' title='bbox 1379 444 1669 510; x_wconf 87' lang='lat' dir='ltr'>custodia</span> <span class='ocrx_word' id='word_1_9' title='bbox 1727 444 2083 510; x_wconf 83' lang='lat' dir='ltr'>conservari</span> <span class='ocrx_word' id='word_1_10' title='bbox 2126 444 2443 527; x_wconf 86' lang='lat' dir='ltr'>putarent,</span> <span class='ocrx_word' id='word_1_11' title='bbox 2507 462 2697 527; x_wconf 90' lang='lat' dir='ltr'>quam</span> <span class='ocrx_word' id='word_1_12' title='bbox 2741 441 2909 527; x_wconf 88' lang='lat' dir='ltr'>apud</span> 
     </span>
     <span class='ocr_line' id='line_1_3' title="bbox 554 549 2912 633; baseline -0.001 -16"><span class='ocrx_word' id='word_1_13' title='bbox 554 551 1049 632; x_wconf 86' lang='lat' dir='ltr'>Rothmannum,</span> <span class='ocrx_word' id='word_1_14' title='bbox 1097 550 1309 615; x_wconf 84' lang='lat' dir='ltr'>virum</span> <span class='ocrx_word' id='word_1_15' title='bbox 1339 550 1477 633; x_wconf 86' lang='lat' dir='ltr'>Dei,</span> <span class='ocrx_word' id='word_1_16' title='bbox 1527 550 1610 616; x_wconf 87' lang='lat' dir='ltr'>ad</span> <span class='ocrx_word' id='word_1_17' title='bbox 1655 550 1837 616; x_wconf 87' lang='lat' dir='ltr'>aedes</span> <span class='ocrx_word' id='word_1_18' title='bbox 1883 550 2099 633; x_wconf 88' lang='lat' dir='ltr'>itaque</span> <span class='ocrx_word' id='word_1_19' title='bbox 2144 549 2323 615; x_wconf 90' lang='lat' dir='ltr'>illius</span> <span class='ocrx_word' id='word_1_20' title='bbox 2368 568 2664 633; x_wconf 89' lang='lat' dir='ltr'>magnam</span> <span class='ocrx_word' id='word_1_21' title='bbox 2693 568 2912 614; x_wconf 89' lang='lat' dir='ltr'>eorum</span> 
     </span>
     <span class='ocr_line' id='line_1_4' title="bbox 557 655 2911 741; baseline -0.001 -19"><span class='ocrx_word' id='word_1_22' title='bbox 557 659 805 741; x_wconf 89' lang='lat' dir='ltr'>partem</span> <span class='ocrx_word' id='word_1_23' title='bbox 850 656 1142 722; x_wconf 87' lang='lat' dir='ltr'>deferunt</span> <span class='ocrx_word' id='word_1_24' title='bbox 1159 658 1200 722; x_wconf 90' lang='lat'>¹.</span> <span class='ocrx_word' id='word_1_25' title='bbox 1250 657 1466 741; x_wconf 82' lang='lat' dir='ltr'>Neque</span> <span class='ocrx_word' id='word_1_26' title='bbox 1510 657 1687 741; x_wconf 80' lang='lat' dir='ltr'>ipsae</span> <span class='ocrx_word' id='word_1_27' title='bbox 1734 676 1867 722; x_wconf 86' lang='lat' dir='ltr'>sese</span> <span class='ocrx_word' id='word_1_28' title='bbox 1912 656 2228 739; x_wconf 87' lang='lat' dir='ltr'>coenobio,</span> <span class='ocrx_word' id='word_1_29' title='bbox 2279 655 2388 721; x_wconf 87' lang='lat' dir='ltr'>sed</span> <span class='ocrx_word' id='word_1_30' title='bbox 2433 655 2669 739; x_wconf 86' lang='lat' dir='ltr'>partim</span> <span class='ocrx_word' id='word_1_31' title='bbox 2711 655 2911 721; x_wconf 85' lang='lat' dir='ltr'>Roth-</span> 
     </span>
     <span class='ocr_line' id='line_1_5' title="bbox 555 762 2912 847; baseline 0 -20"><span class='ocrx_word' id='word_1_32' title='bbox 555 762 791 844; x_wconf 89' lang='lat' dir='ltr'>manni‚</span> <span class='ocrx_word' id='word_1_33' title='bbox 862 762 1098 847; x_wconf 84' lang='lat' dir='ltr'>partim</span> <span class='ocrx_word' id='word_1_34' title='bbox 1167 762 1436 828; x_wconf 88' lang='lat' dir='ltr'>aliorum</span> <span class='ocrx_word' id='word_1_35' title='bbox 1481 762 1723 828; x_wconf 84' lang='lat' dir='ltr'>civium</span> <span class='ocrx_word' id='word_1_36' title='bbox 1766 762 2029 829; x_wconf 87' lang='lat' dir='ltr'>aedibus</span> <span class='ocrx_word' id='word_1_37' title='bbox 2094 762 2516 828; x_wconf 87' lang='lat' dir='ltr'>crediderunt.</span> <span class='ocrx_word' id='word_1_38' title='bbox 2607 762 2723 828; x_wconf 89' lang='lat' dir='ltr'>Ida</span> <span class='ocrx_word' id='word_1_39' title='bbox 2765 780 2912 827; x_wconf 84' lang='lat' dir='ltr'>vero</span> 
     </span>
     <span class='ocr_line' id='line_1_6' title="bbox 272 865 2912 958; baseline 0 -26"><span class='ocrx_word' id='word_1_40' title='bbox 272 886 303 917; x_wconf 84' lang='lat'><strong>·</strong></span> <span class='ocrx_word' id='word_1_41' title='bbox 317 904 372 958; x_wconf 87' lang='lat' dir='ltr'>p.</span> <span class='ocrx_word' id='word_1_42' title='bbox 406 885 533 942; x_wconf 81' lang='lat'><strong>423.</strong></span> <span class='ocrx_word' id='word_1_43' title='bbox 558 865 675 932; x_wconf 76' lang='lat' dir='ltr'>*de</span> <span class='ocrx_word' id='word_1_44' title='bbox 719 868 1017 951; x_wconf 86' lang='lat' dir='ltr'>Mervelt,</span> <span class='ocrx_word' id='word_1_45' title='bbox 1066 868 1528 952; x_wconf 81' lang='lat' dir='ltr'>archivestalis,</span> <span class='ocrx_word' id='word_1_46' title='bbox 1598 869 1893 954; x_wconf 88' lang='lat' dir='ltr'>Ludgera</span> <span class='ocrx_word' id='word_1_47' title='bbox 1937 869 2013 934; x_wconf 88' lang='lat' dir='ltr'>de</span> <span class='ocrx_word' id='word_1_48' title='bbox 2058 868 2390 935; x_wconf 89' lang='lat' dir='ltr'>Linteloen</span> <span class='ocrx_word' id='word_1_49' title='bbox 2435 887 2508 934; x_wconf 86' lang='lat' dir='ltr'>ac</span> <span class='ocrx_word' id='word_1_50' title='bbox 2554 868 2790 952; x_wconf 78' lang='lat' dir='ltr'><strong>Sophia</strong></span> <span class='ocrx_word' id='word_1_51' title='bbox 2833 867 2912 933; x_wconf 92' lang='lat' dir='ltr'>de</span> 
     </span>
     <span class='ocr_line' id='line_1_7' title="bbox 555 974 2912 1061; baseline 0 -21"><span class='ocrx_word' id='word_1_52' title='bbox 555 974 813 1059; x_wconf 84' lang='lat' dir='ltr'>Langen</span> <span class='ocrx_word' id='word_1_53' title='bbox 845 976 1047 1041; x_wconf 86' lang='lat' dir='ltr'>aetate</span> <span class='ocrx_word' id='word_1_54' title='bbox 1077 977 1142 1040; x_wconf 89' lang='lat' dir='ltr'>et</span> <span class='ocrx_word' id='word_1_55' title='bbox 1171 975 1407 1041; x_wconf 89' lang='lat' dir='ltr'>iudicio</span> <span class='ocrx_word' id='word_1_56' title='bbox 1439 976 1703 1061; x_wconf 88' lang='lat' dir='ltr'>reliquis</span> <span class='ocrx_word' id='word_1_57' title='bbox 1750 975 2216 1042; x_wconf 79' lang='lat' dir='ltr'>excellentiores</span> <span class='ocrx_word' id='word_1_58' title='bbox 2249 976 2461 1042; x_wconf 89' lang='lat' dir='ltr'>omnia</span> <span class='ocrx_word' id='word_1_59' title='bbox 2490 976 2615 1042; x_wconf 88' lang='lat' dir='ltr'>ista</span> <span class='ocrx_word' id='word_1_60' title='bbox 2646 994 2684 1041; x_wconf 88' lang='lat' dir='ltr'>a</span> <span class='ocrx_word' id='word_1_61' title='bbox 2712 975 2912 1041; x_wconf 85' lang='lat' dir='ltr'>Roth-</span> 
     </span>
     <span class='ocr_line' id='line_1_8' title="bbox 555 1081 2912 1167; baseline 0 -20"><span class='ocrx_word' id='word_1_62' title='bbox 555 1100 786 1147; x_wconf 87' lang='lat' dir='ltr'>manno</span> <span class='ocrx_word' id='word_1_63' title='bbox 832 1081 902 1146; x_wconf 88' lang='lat' dir='ltr'>in</span> <span class='ocrx_word' id='word_1_64' title='bbox 933 1100 1122 1147; x_wconf 85' lang='lat' dir='ltr'>suum</span> <span class='ocrx_word' id='word_1_65' title='bbox 1166 1083 1500 1166; x_wconf 87' lang='lat' dir='ltr'>quaestum</span> <span class='ocrx_word' id='word_1_66' title='bbox 1546 1083 1815 1148; x_wconf 84' lang='lat' dir='ltr'>conficta</span> <span class='ocrx_word' id='word_1_67' title='bbox 1846 1101 1979 1148; x_wconf 85' lang='lat' dir='ltr'>esse</span> <span class='ocrx_word' id='word_1_68' title='bbox 2012 1082 2297 1148; x_wconf 85' lang='lat' dir='ltr'>sentiunt</span> <span class='ocrx_word' id='word_1_69' title='bbox 2341 1081 2603 1167; x_wconf 88' lang='lat' dir='ltr'>ideoque</span> <span class='ocrx_word' id='word_1_70' title='bbox 2636 1082 2912 1148; x_wconf 87' lang='lat' dir='ltr'>obtesta-</span> 
     </span>
     <span class='ocr_line' id='line_1_9' title="bbox 551 1186 2908 1271; baseline 0.001 -19"><span class='ocrx_word' id='word_1_71' title='bbox 551 1187 837 1253; x_wconf 77' lang='lat' dir='ltr'><strong>tionibus</strong></span> <span class='ocrx_word' id='word_1_72' title='bbox 885 1190 949 1253; x_wconf 89' lang='lat' dir='ltr'>et</span> <span class='ocrx_word' id='word_1_73' title='bbox 991 1186 1319 1253; x_wconf 84' lang='lat' dir='ltr'><strong>lachrimis</strong></span> <span class='ocrx_word' id='word_1_74' title='bbox 1364 1188 1588 1253; x_wconf 85' lang='lat' dir='ltr'>multis</span> <span class='ocrx_word' id='word_1_75' title='bbox 1636 1187 2053 1254; x_wconf 86' lang='lat' dir='ltr'>abiturientes</span> <span class='ocrx_word' id='word_1_76' title='bbox 2110 1188 2381 1255; x_wconf 88' lang='lat' dir='ltr'>retinere</span> <span class='ocrx_word' id='word_1_77' title='bbox 2428 1190 2753 1271; x_wconf 86' lang='lat' dir='ltr'>conantur,</span> <span class='ocrx_word' id='word_1_78' title='bbox 2803 1188 2908 1254; x_wconf 86' lang='lat' dir='ltr'>sed</span> 
     </span>
     <span class='ocr_line' id='line_1_10' title="bbox 553 1292 2911 1378; baseline 0.001 -19"><span class='ocrx_word' id='word_1_79' title='bbox 553 1292 810 1359; x_wconf 76' lang='lat' dir='ltr'>frustra.</span> <span class='ocrx_word' id='word_1_80' title='bbox 878 1293 980 1359; x_wconf 90' lang='lat' dir='ltr'>Sic</span> <span class='ocrx_word' id='word_1_81' title='bbox 1012 1294 1181 1359; x_wconf 92' lang='lat' dir='ltr'>enim</span> <span class='ocrx_word' id='word_1_82' title='bbox 1227 1313 1342 1377; x_wconf 88' lang='lat' dir='ltr'>per</span> <span class='ocrx_word' id='word_1_83' title='bbox 1370 1293 1846 1359; x_wconf 86' lang='lat' dir='ltr'>Rothmannum</span> <span class='ocrx_word' id='word_1_84' title='bbox 1876 1293 2340 1378; x_wconf 75' lang='lat' dir='ltr'>dementantur,</span> <span class='ocrx_word' id='word_1_85' title='bbox 2377 1295 2468 1360; x_wconf 89' lang='lat' dir='ltr'>sic</span> <span class='ocrx_word' id='word_1_86' title='bbox 2499 1295 2911 1378; x_wconf 80' lang='lat' dir='ltr'>fascinantur,</span> 
     </span>
     <span class='ocr_line' id='line_1_11' title="bbox 553 1399 2913 1485; baseline 0.001 -21"><span class='ocrx_word' id='word_1_87' title='bbox 553 1401 630 1464; x_wconf 89' lang='lat' dir='ltr'>ut</span> <span class='ocrx_word' id='word_1_88' title='bbox 673 1402 922 1483; x_wconf 86' lang='lat' dir='ltr'>praeter</span> <span class='ocrx_word' id='word_1_89' title='bbox 976 1400 1224 1484; x_wconf 87' lang='lat' dir='ltr'>generis</span> <span class='ocrx_word' id='word_1_90' title='bbox 1271 1400 1373 1466; x_wconf 89' lang='lat' dir='ltr'>sui</span> <span class='ocrx_word' id='word_1_91' title='bbox 1419 1399 1608 1465; x_wconf 89' lang='lat' dir='ltr'>decus</span> <span class='ocrx_word' id='word_1_92' title='bbox 1655 1400 2139 1484; x_wconf 78' lang='lat' dir='ltr'>virgineumque</span> <span class='ocrx_word' id='word_1_93' title='bbox 2198 1401 2507 1485; x_wconf 90' lang='lat' dir='ltr'>pudorem</span> <span class='ocrx_word' id='word_1_94' title='bbox 2552 1402 2913 1485; x_wconf 90' lang='lat' dir='ltr'>contempto</span> 
     </span>
     <span class='ocr_line' id='line_1_12' title="bbox 553 1505 2916 1591; baseline 0 -21"><span class='ocrx_word' id='word_1_95' title='bbox 553 1506 700 1570; x_wconf 83' lang='lat' dir='ltr'>voto</span> <span class='ocrx_word' id='word_1_96' title='bbox 743 1506 1117 1589; x_wconf 86' lang='lat' dir='ltr'>mutatoque</span> <span class='ocrx_word' id='word_1_97' title='bbox 1160 1505 1388 1571; x_wconf 84' lang='lat' dir='ltr'>habitu</span> <span class='ocrx_word' id='word_1_98' title='bbox 1434 1505 1639 1571; x_wconf 88' lang='lat' dir='ltr'>instar</span> <span class='ocrx_word' id='word_1_99' title='bbox 1670 1506 2019 1571; x_wconf 89' lang='lat' dir='ltr'>amentium</span> <span class='ocrx_word' id='word_1_100' title='bbox 2064 1526 2177 1591; x_wconf 90' lang='lat' dir='ltr'>per</span> <span class='ocrx_word' id='word_1_101' title='bbox 2220 1507 2462 1591; x_wconf 87' lang='lat' dir='ltr'>plateas</span> <span class='ocrx_word' id='word_1_102' title='bbox 2510 1507 2916 1572; x_wconf 87' lang='lat' dir='ltr'>decurrerent</span> 
     </span>
     <span class='ocr_line' id='line_1_13' title="bbox 553 1610 2914 1696; baseline 0.001 -20"><span class='ocrx_word' id='word_1_103' title='bbox 553 1630 669 1676; x_wconf 91' lang='lat' dir='ltr'>nec</span> <span class='ocrx_word' id='word_1_104' title='bbox 713 1610 956 1677; x_wconf 89' lang='lat' dir='ltr'>moneri</span> <span class='ocrx_word' id='word_1_105' title='bbox 1000 1613 1385 1696; x_wconf 88' lang='lat' dir='ltr'>paterentur.</span> <span class='ocrx_word' id='word_1_106' title='bbox 1456 1611 1729 1678; x_wconf 88' lang='lat' dir='ltr'>Proinde</span> <span class='ocrx_word' id='word_1_107' title='bbox 1775 1612 1893 1677; x_wconf 89' lang='lat' dir='ltr'>hae</span> <span class='ocrx_word' id='word_1_108' title='bbox 1939 1614 2069 1678; x_wconf 89' lang='lat' dir='ltr'>tres</span> <span class='ocrx_word' id='word_1_109' title='bbox 2100 1613 2370 1678; x_wconf 93' lang='lat' dir='ltr'>Domino</span> <span class='ocrx_word' id='word_1_110' title='bbox 2401 1615 2533 1680; x_wconf 88' lang='lat' dir='ltr'>Deo</span> <span class='ocrx_word' id='word_1_111' title='bbox 2581 1633 2713 1679; x_wconf 84' lang='lat' dir='ltr'>sese</span> <span class='ocrx_word' id='word_1_112' title='bbox 2743 1633 2914 1679; x_wconf 90' lang='lat' dir='ltr'>com-</span> 
     </span>
     <span class='ocr_line' id='line_1_14' title="bbox 553 1717 2916 1804; baseline 0.001 -22"><span class='ocrx_word' id='word_1_113' title='bbox 553 1717 826 1783; x_wconf 91' lang='lat' dir='ltr'>mittunt</span> <span class='ocrx_word' id='word_1_114' title='bbox 855 1718 919 1783; x_wconf 89' lang='lat' dir='ltr'>et</span> <span class='ocrx_word' id='word_1_115' title='bbox 960 1718 1173 1784; x_wconf 92' lang='lat' dir='ltr'>locum</span> <span class='ocrx_word' id='word_1_116' title='bbox 1216 1718 1635 1802; x_wconf 89' lang='lat' dir='ltr'>habitumque</span> <span class='ocrx_word' id='word_1_117' title='bbox 1664 1719 1800 1785; x_wconf 84' lang='lat' dir='ltr'>voti</span> <span class='ocrx_word' id='word_1_118' title='bbox 1834 1719 1937 1785; x_wconf 88' lang='lat' dir='ltr'>sui</span> <span class='ocrx_word' id='word_1_119' title='bbox 1978 1719 2047 1784; x_wconf 94' lang='lat' dir='ltr'>in</span> <span class='ocrx_word' id='word_1_120' title='bbox 2079 1719 2426 1804; x_wconf 82' lang='lat' dir='ltr'>quemlibet</span> <span class='ocrx_word' id='word_1_121' title='bbox 2470 1719 2587 1785; x_wconf 85' lang='lat' dir='ltr'>fati</span> <span class='ocrx_word' id='word_1_122' title='bbox 2618 1721 2916 1785; x_wconf 85' lang='lat' dir='ltr'>eventum</span> 
     </span>
     <span class='ocr_line' id='line_1_15' title="bbox 554 1824 2910 1910; baseline 0.002 -22"><span class='ocrx_word' id='word_1_123' title='bbox 554 1825 809 1907; x_wconf 85' lang='lat' dir='ltr'>paratae</span> <span class='ocrx_word' id='word_1_124' title='bbox 854 1843 979 1890; x_wconf 94' lang='lat' dir='ltr'>non</span> <span class='ocrx_word' id='word_1_125' title='bbox 1011 1824 1311 1891; x_wconf 87' lang='lat' dir='ltr'>deserunt</span> <span class='ocrx_word' id='word_1_126' title='bbox 1327 1826 1368 1890; x_wconf 77' lang='lat'>¹.</span> <span class='ocrx_word' id='word_1_127' title='bbox 1440 1824 1602 1891; x_wconf 87' lang='lat' dir='ltr'>Cum</span> <span class='ocrx_word' id='word_1_128' title='bbox 1647 1825 1801 1890; x_wconf 87' lang='lat' dir='ltr'>haec</span> <span class='ocrx_word' id='word_1_129' title='bbox 1846 1824 2064 1890; x_wconf 86' lang='lat' dir='ltr'>fabula</span> <span class='ocrx_word' id='word_1_130' title='bbox 2107 1825 2179 1890; x_wconf 94' lang='lat' dir='ltr'>in</span> <span class='ocrx_word' id='word_1_131' title='bbox 2214 1825 2448 1909; x_wconf 83' lang='lat' dir='ltr'>vulgus</span> <span class='ocrx_word' id='word_1_132' title='bbox 2494 1827 2910 1910; x_wconf 78' lang='lat' dir='ltr'>spargeretur,</span> 
     </span>
    </p>
   </div>
   <div class='ocr_carea' id='block_1_3' title="bbox 554 2003 982 2015">
    <p class='ocr_par' dir='ltr' id='par_1_3' title="bbox 554 2003 982 2015">
     <span class='ocr_line' id='line_1_16' title="bbox 554 2003 982 2015; baseline 0 3060"><span class='ocrx_word' id='word_1_133' title='bbox 554 2003 982 2015; x_wconf 95' lang='lat' dir='ltr'> </span> 
     </span>
    </p>
   </div>
   <div class='ocr_carea' id='block_1_4' title="bbox 553 2123 2925 4404">
    <p class='ocr_par' dir='ltr' id='par_1_4' title="bbox 553 2123 2925 4404">
     <span class='ocr_line' id='line_1_17' title="bbox 772 2123 2057 2193; baseline 0 -14"><span class='ocrx_word' id='word_1_134' title='bbox 772 2124 815 2193; x_wconf 88' lang='lat'>¹)</span> <span class='ocrx_word' id='word_1_135' title='bbox 850 2123 994 2180; x_wconf 84' lang='lat' dir='ltr'>Joh.</span> <span class='ocrx_word' id='word_1_136' title='bbox 1031 2125 1383 2179; x_wconf 83' lang='lat' dir='ltr'>Fabricius</span> <span class='ocrx_word' id='word_1_137' title='bbox 1419 2123 1777 2179; x_wconf 83' lang='lat' dir='ltr'>Bolandus</span> <span class='ocrx_word' id='word_1_138' title='bbox 1814 2142 1863 2179; x_wconf 90' lang='lat' dir='ltr'>a.</span> <span class='ocrx_word' id='word_1_139' title='bbox 1891 2142 1940 2180; x_wconf 92' lang='lat' dir='ltr'>a.</span> <span class='ocrx_word' id='word_1_140' title='bbox 1967 2124 2057 2179; x_wconf 88' lang='lat' dir='ltr'>O.:</span> 
     </span>
     <span class='ocr_line' id='line_1_18' title="bbox 952 2211 2521 2285; baseline 0.001 -19"><span class='ocrx_word' id='word_1_141' title='bbox 952 2212 1117 2278; x_wconf 83' lang='lat' dir='ltr'>„Pars</span> <span class='ocrx_word' id='word_1_142' title='bbox 1153 2228 1262 2266; x_wconf 93' lang='lat' dir='ltr'>non</span> <span class='ocrx_word' id='word_1_143' title='bbox 1299 2228 1470 2283; x_wconf 86' lang='lat' dir='ltr'>usque</span> <span class='ocrx_word' id='word_1_144' title='bbox 1508 2211 1644 2267; x_wconf 81' lang='lat' dir='ltr'>adeo</span> <span class='ocrx_word' id='word_1_145' title='bbox 1681 2212 1874 2267; x_wconf 86' lang='lat' dir='ltr'>timido</span> <span class='ocrx_word' id='word_1_146' title='bbox 1912 2213 2059 2282; x_wconf 77' lang='lat' dir='ltr'>fugit</span> <span class='ocrx_word' id='word_1_147' title='bbox 2095 2214 2313 2283; x_wconf 82' lang='lat' dir='ltr'>agmine</span> <span class='ocrx_word' id='word_1_148' title='bbox 2349 2214 2521 2285; x_wconf 83' lang='lat' dir='ltr'>raptis</span> 
     </span>
     <span class='ocr_line' id='line_1_19' title="bbox 1014 2299 2390 2371; baseline 0.001 -18"><span class='ocrx_word' id='word_1_149' title='bbox 1014 2299 1193 2354; x_wconf 84' lang='lat' dir='ltr'>Nocte</span> <span class='ocrx_word' id='word_1_150' title='bbox 1228 2301 1385 2354; x_wconf 88' lang='lat' dir='ltr'>bonis</span> <span class='ocrx_word' id='word_1_151' title='bbox 1421 2305 1647 2371; x_wconf 76' lang='lat' dir='ltr'>portans</span> <span class='ocrx_word' id='word_1_152' title='bbox 1683 2300 1835 2369; x_wconf 84' lang='lat' dir='ltr'>haec,</span> <span class='ocrx_word' id='word_1_153' title='bbox 1872 2301 2233 2371; x_wconf 85' lang='lat' dir='ltr'>Rothmanne,</span> <span class='ocrx_word' id='word_1_154' title='bbox 2271 2303 2390 2370; x_wconf 82' lang='lat' dir='ltr'>tibi,</span> 
     </span>
     <span class='ocr_line' id='line_1_20' title="bbox 949 2387 2400 2461; baseline 0.003 -20"><span class='ocrx_word' id='word_1_155' title='bbox 949 2387 1057 2442; x_wconf 85' lang='lat' dir='ltr'>Seu</span> <span class='ocrx_word' id='word_1_156' title='bbox 1094 2387 1203 2441; x_wconf 81' lang='lat' dir='ltr'>suit</span> <span class='ocrx_word' id='word_1_157' title='bbox 1238 2388 1373 2443; x_wconf 89' lang='lat' dir='ltr'>haec</span> <span class='ocrx_word' id='word_1_158' title='bbox 1411 2404 1568 2443; x_wconf 80' lang='lat' dir='ltr'>sexus</span> <span class='ocrx_word' id='word_1_159' title='bbox 1605 2390 1791 2444; x_wconf 87' lang='lat' dir='ltr'>miseri</span> <span class='ocrx_word' id='word_1_160' title='bbox 1827 2388 2076 2458; x_wconf 79' lang='lat' dir='ltr'>formido,</span> <span class='ocrx_word' id='word_1_161' title='bbox 2113 2406 2212 2461; x_wconf 91' lang='lat' dir='ltr'>per</span> <span class='ocrx_word' id='word_1_162' title='bbox 2248 2393 2400 2445; x_wconf 81' lang='lat' dir='ltr'>astus</span> 
     </span>
     <span class='ocr_line' id='line_1_21' title="bbox 1020 2473 2162 2548; baseline 0.004 -20"><span class='ocrx_word' id='word_1_163' title='bbox 1020 2473 1127 2529; x_wconf 84' lang='lat' dir='ltr'>Seu</span> <span class='ocrx_word' id='word_1_164' title='bbox 1166 2474 1233 2529; x_wconf 88' lang='lat' dir='ltr'>de</span> <span class='ocrx_word' id='word_1_165' title='bbox 1271 2477 1568 2548; x_wconf 86' lang='lat' dir='ltr'>composito</span> <span class='ocrx_word' id='word_1_166' title='bbox 1605 2493 1693 2531; x_wconf 80' lang='lat' dir='ltr'>res</span> <span class='ocrx_word' id='word_1_167' title='bbox 1731 2493 1797 2532; x_wconf 86' lang='lat' dir='ltr'>ea</span> <span class='ocrx_word' id='word_1_168' title='bbox 1833 2479 1990 2548; x_wconf 82' lang='lat' dir='ltr'>gesta</span> <span class='ocrx_word' id='word_1_169' title='bbox 2027 2476 2162 2532; x_wconf 87' lang='lat' dir='ltr'>fuit.-</span> 
     </span>
     <span class='ocr_line' id='line_1_22' title="bbox 948 2562 2466 2637; baseline 0.003 -20"><span class='ocrx_word' id='word_1_170' title='bbox 948 2562 1075 2617; x_wconf 87' lang='lat' dir='ltr'>Non</span> <span class='ocrx_word' id='word_1_171' title='bbox 1111 2564 1332 2633; x_wconf 82' lang='lat' dir='ltr'>ingrata</span> <span class='ocrx_word' id='word_1_172' title='bbox 1368 2564 1588 2635; x_wconf 89' lang='lat' dir='ltr'>quidem</span> <span class='ocrx_word' id='word_1_173' title='bbox 1624 2581 1823 2637; x_wconf 78' lang='lat' dir='ltr'>pravae</span> <span class='ocrx_word' id='word_1_174' title='bbox 1860 2569 1991 2621; x_wconf 82' lang='lat' dir='ltr'>eunt</span> <span class='ocrx_word' id='word_1_175' title='bbox 2025 2583 2250 2622; x_wconf 88' lang='lat' dir='ltr'>munera</span> <span class='ocrx_word' id='word_1_176' title='bbox 2286 2570 2466 2622; x_wconf 79' lang='lat' dir='ltr'>sectae</span> 
     </span>
     <span class='ocr_line' id='line_1_23' title="bbox 1021 2651 2304 2726; baseline 0.003 -21"><span class='ocrx_word' id='word_1_177' title='bbox 1021 2651 1182 2706; x_wconf 85' lang='lat' dir='ltr'>Talia</span> <span class='ocrx_word' id='word_1_178' title='bbox 1218 2653 1594 2724; x_wconf 77' lang='lat' dir='ltr'>nympharum,</span> <span class='ocrx_word' id='word_1_179' title='bbox 1631 2669 1769 2724; x_wconf 82' lang='lat' dir='ltr'>quas</span> <span class='ocrx_word' id='word_1_180' title='bbox 1805 2657 1873 2708; x_wconf 83' lang='lat' dir='ltr'>ut</span> <span class='ocrx_word' id='word_1_181' title='bbox 1909 2657 1967 2709; x_wconf 90' lang='lat' dir='ltr'>et</span> <span class='ocrx_word' id='word_1_182' title='bbox 2000 2654 2102 2709; x_wconf 83' lang='lat' dir='ltr'>illa</span> <span class='ocrx_word' id='word_1_183' title='bbox 2136 2655 2304 2726; x_wconf 74' lang='lat' dir='ltr'>cupit,</span> 
     </span>
     <span class='ocr_line' id='line_1_24' title="bbox 949 2739 2462 2813; baseline 0.003 -20"><span class='ocrx_word' id='word_1_184' title='bbox 949 2739 1067 2794; x_wconf 89' lang='lat' dir='ltr'>Nec</span> <span class='ocrx_word' id='word_1_185' title='bbox 1104 2740 1347 2810; x_wconf 81' lang='lat' dir='ltr'>dubium,</span> <span class='ocrx_word' id='word_1_186' title='bbox 1383 2742 1517 2812; x_wconf 90' lang='lat' dir='ltr'>quin</span> <span class='ocrx_word' id='word_1_187' title='bbox 1552 2741 1640 2797; x_wconf 85' lang='lat' dir='ltr'>his</span> <span class='ocrx_word' id='word_1_188' title='bbox 1677 2742 1900 2796; x_wconf 85' lang='lat' dir='ltr'>meritas</span> <span class='ocrx_word' id='word_1_189' title='bbox 1935 2741 2240 2812; x_wconf 75' lang='lat' dir='ltr'>persolvere</span> <span class='ocrx_word' id='word_1_190' title='bbox 2277 2746 2462 2813; x_wconf 80' lang='lat' dir='ltr'>grates</span> 
     </span>
     <span class='ocr_line' id='line_1_25' title="bbox 1019 2828 2146 2901; baseline 0.004 -19"><span class='ocrx_word' id='word_1_191' title='bbox 1019 2828 1293 2883; x_wconf 84' lang='lat' dir='ltr'>Formosis</span> <span class='ocrx_word' id='word_1_192' title='bbox 1329 2829 1544 2885; x_wconf 84' lang='lat' dir='ltr'>studuit</span> <span class='ocrx_word' id='word_1_193' title='bbox 1576 2846 1676 2900; x_wconf 89' lang='lat' dir='ltr'>pro</span> <span class='ocrx_word' id='word_1_194' title='bbox 1712 2830 1923 2901; x_wconf 84' lang='lat' dir='ltr'>pietate</span> <span class='ocrx_word' id='word_1_195' title='bbox 1959 2831 2146 2886; x_wconf 83' lang='lat' dir='ltr'>satis.“</span> 
     </span>
     <span class='ocr_line' id='line_1_26' title="bbox 773 2914 2917 2988; baseline 0.002 -18"><span class='ocrx_word' id='word_1_196' title='bbox 773 2914 817 2986; x_wconf 80' lang='lat'>¹)</span> <span class='ocrx_word' id='word_1_197' title='bbox 852 2916 957 2970; x_wconf 89' lang='lat' dir='ltr'>Die</span> <span class='ocrx_word' id='word_1_198' title='bbox 993 2916 1208 2972; x_wconf 81' lang='lat' dir='ltr'>Namen</span> <span class='ocrx_word' id='word_1_199' title='bbox 1262 2917 1358 2972; x_wconf 88' lang='lat' dir='ltr'>der</span> <span class='ocrx_word' id='word_1_200' title='bbox 1394 2918 1748 2973; x_wconf 80' lang='lat' dir='ltr'>standhaften</span> <span class='ocrx_word' id='word_1_201' title='bbox 1784 2918 2057 2988; x_wconf 84' lang='lat' dir='ltr'>Jungfern</span> <span class='ocrx_word' id='word_1_202' title='bbox 2114 2917 2433 2973; x_wconf 76' lang='lat' dir='ltr'>fiberliefert</span> <span class='ocrx_word' id='word_1_203' title='bbox 2485 2934 2591 2973; x_wconf 90' lang='lat' dir='ltr'>nur</span> <span class='ocrx_word' id='word_1_204' title='bbox 2625 2918 2807 2974; x_wconf 78' lang='lat' dir='ltr'>Keras.</span> <span class='ocrx_word' id='word_1_205' title='bbox 2847 2948 2917 2958; x_wconf 93' lang='lat'>—</span> 
     </span>
     <span class='ocr_line' id='line_1_27' title="bbox 555 3003 1784 3077; baseline 0 -16"><span class='ocrx_word' id='word_1_206' title='bbox 555 3005 672 3061; x_wconf 75' lang='lat' dir='ltr'>Das</span> <span class='ocrx_word' id='word_1_207' title='bbox 711 3003 1107 3073; x_wconf 82' lang='lat' dir='ltr'>„Bichtboeck“</span> <span class='ocrx_word' id='word_1_208' title='bbox 1149 3021 1199 3060; x_wconf 81' lang='lat' dir='ltr'>a.</span> <span class='ocrx_word' id='word_1_209' title='bbox 1225 3022 1275 3060; x_wconf 84' lang='lat' dir='ltr'>a.</span> <span class='ocrx_word' id='word_1_210' title='bbox 1301 3005 1364 3062; x_wconf 93' lang='grc' dir='ltr'>Ο.</span> <span class='ocrx_word' id='word_1_211' title='bbox 1402 3004 1489 3060; x_wconf 92' lang='lat' dir='ltr'>Bl.</span> <span class='ocrx_word' id='word_1_212' title='bbox 1528 3006 1598 3060; x_wconf 82' lang='lat'>54</span> <span class='ocrx_word' id='word_1_213' title='bbox 1635 3010 1784 3077; x_wconf 78' lang='lat' dir='ltr'>sagt:</span> 
     </span>
     <span class='ocr_line' id='line_1_28' title="bbox 704 3092 2261 3166; baseline 0.001 -19"><span class='ocrx_word' id='word_1_214' title='bbox 704 3093 823 3162; x_wconf 85' lang='lat' dir='ltr'>„Da</span> <span class='ocrx_word' id='word_1_215' title='bbox 858 3094 928 3148; x_wconf 90' lang='lat' dir='ltr'>he</span> <span class='ocrx_word' id='word_1_216' title='bbox 966 3093 1104 3148; x_wconf 90' lang='lat' dir='ltr'>ehne</span> <span class='ocrx_word' id='word_1_217' title='bbox 1141 3094 1258 3149; x_wconf 84' lang='lat' dir='ltr'>aine</span> <span class='ocrx_word' id='word_1_218' title='bbox 1294 3092 1502 3150; x_wconf 81' lang='lat' dir='ltr'>falsche</span> <span class='ocrx_word' id='word_1_219' title='bbox 1538 3096 1824 3165; x_wconf 88' lang='lat' dir='ltr'>prophetie</span> <span class='ocrx_word' id='word_1_220' title='bbox 1862 3094 1984 3150; x_wconf 74' lang='lat' dir='ltr'>hest</span> <span class='ocrx_word' id='word_1_221' title='bbox 2020 3111 2261 3166; x_wconf 78' lang='lat' dir='ltr'>gegeven</span> 
     </span>
     <span class='ocr_line' id='line_1_29' title="bbox 698 3182 2773 3255; baseline 0.002 -18"><span class='ocrx_word' id='word_1_222' title='bbox 698 3182 787 3237; x_wconf 83' lang='lat' dir='ltr'>Da</span> <span class='ocrx_word' id='word_1_223' title='bbox 822 3182 937 3237; x_wconf 83' lang='lat' dir='ltr'>sint</span> <span class='ocrx_word' id='word_1_224' title='bbox 971 3199 1029 3237; x_wconf 85' lang='lat' dir='ltr'>se</span> <span class='ocrx_word' id='word_1_225' title='bbox 1066 3182 1188 3237; x_wconf 82' lang='lat' dir='ltr'>oick</span> <span class='ocrx_word' id='word_1_226' title='bbox 1222 3182 1350 3237; x_wconf 90' lang='lat' dir='ltr'>nich</span> <span class='ocrx_word' id='word_1_227' title='bbox 1386 3182 1580 3254; x_wconf 71' lang='lat' dir='ltr'>langer</span> <span class='ocrx_word' id='word_1_228' title='bbox 1614 3183 1673 3237; x_wconf 89' lang='lat' dir='ltr'>in</span> <span class='ocrx_word' id='word_1_229' title='bbox 1712 3183 1877 3238; x_wconf 90' lang='lat' dir='ltr'>ehren</span> <span class='ocrx_word' id='word_1_230' title='bbox 1914 3185 2050 3239; x_wconf 85' lang='lat' dir='ltr'>stait</span> <span class='ocrx_word' id='word_1_231' title='bbox 2084 3184 2195 3238; x_wconf 89' lang='lat' dir='ltr'>und</span> <span class='ocrx_word' id='word_1_232' title='bbox 2231 3182 2459 3238; x_wconf 82' lang='lat' dir='ltr'>kloiater</span> <span class='ocrx_word' id='word_1_233' title='bbox 2493 3182 2773 3255; x_wconf 78' lang='lat' dir='ltr'>gebleven.</span> 
     </span>
     <span class='ocr_line' id='line_1_30' title="bbox 700 3269 2478 3343; baseline 0.001 -17"><span class='ocrx_word' id='word_1_234' title='bbox 700 3270 771 3326; x_wconf 85' lang='lat' dir='ltr'>Se</span> <span class='ocrx_word' id='word_1_235' title='bbox 807 3269 1018 3324; x_wconf 87' lang='lat' dir='ltr'>hebben</span> <span class='ocrx_word' id='word_1_236' title='bbox 1055 3270 1167 3324; x_wconf 82' lang='lat' dir='ltr'>nah</span> <span class='ocrx_word' id='word_1_237' title='bbox 1204 3270 1358 3326; x_wconf 83' lang='lat' dir='ltr'>ehres</span> <span class='ocrx_word' id='word_1_238' title='bbox 1395 3270 1668 3342; x_wconf 82' lang='lat' dir='ltr'>gotloieen</span> <span class='ocrx_word' id='word_1_239' title='bbox 1703 3272 2005 3342; x_wconf 87' lang='lat' dir='ltr'>propheten</span> <span class='ocrx_word' id='word_1_240' title='bbox 2040 3271 2222 3326; x_wconf 80' lang='lat' dir='ltr'>willen</span> <span class='ocrx_word' id='word_1_241' title='bbox 2260 3271 2478 3343; x_wconf 85' lang='lat' dir='ltr'>gedain,</span> 
     </span>
     <span class='ocr_line' id='line_1_31' title="bbox 701 3359 2032 3415; baseline 0 -1"><span class='ocrx_word' id='word_1_242' title='bbox 701 3359 772 3415; x_wconf 88' lang='lat' dir='ltr'>Se</span> <span class='ocrx_word' id='word_1_243' title='bbox 807 3359 1022 3414; x_wconf 80' lang='lat' dir='ltr'>blieven</span> <span class='ocrx_word' id='word_1_244' title='bbox 1057 3360 1184 3414; x_wconf 88' lang='lat' dir='ltr'>nich</span> <span class='ocrx_word' id='word_1_245' title='bbox 1222 3359 1331 3414; x_wconf 88' lang='lat' dir='ltr'>alle</span> <span class='ocrx_word' id='word_1_246' title='bbox 1366 3361 1426 3414; x_wconf 91' lang='lat' dir='ltr'>in</span> <span class='ocrx_word' id='word_1_247' title='bbox 1462 3359 1628 3414; x_wconf 86' lang='lat' dir='ltr'>ehren</span> <span class='ocrx_word' id='word_1_248' title='bbox 1667 3359 1832 3415; x_wconf 91' lang='lat' dir='ltr'>orden</span> <span class='ocrx_word' id='word_1_249' title='bbox 1870 3360 2032 3414; x_wconf 84' lang='lat' dir='ltr'>stain.</span> 
     </span>
     <span class='ocr_line' id='line_1_32' title="bbox 698 3445 2647 3518; baseline 0.001 -16"><span class='ocrx_word' id='word_1_250' title='bbox 698 3445 917 3502; x_wconf 86' lang='lat' dir='ltr'>Etliche</span> <span class='ocrx_word' id='word_1_251' title='bbox 953 3447 1104 3502; x_wconf 80' lang='lat' dir='ltr'>aindt</span> <span class='ocrx_word' id='word_1_252' title='bbox 1138 3446 1238 3501; x_wconf 82' lang='lat' dir='ltr'>uth</span> <span class='ocrx_word' id='word_1_253' title='bbox 1277 3446 1442 3502; x_wconf 90' lang='lat' dir='ltr'>ehren</span> <span class='ocrx_word' id='word_1_254' title='bbox 1477 3447 1708 3503; x_wconf 84' lang='lat' dir='ltr'>kloister</span> <span class='ocrx_word' id='word_1_255' title='bbox 1741 3447 1853 3502; x_wconf 89' lang='lat' dir='ltr'>und</span> <span class='ocrx_word' id='word_1_256' title='bbox 1889 3447 2023 3501; x_wconf 84' lang='lat' dir='ltr'>ueth</span> <span class='ocrx_word' id='word_1_257' title='bbox 2060 3446 2157 3501; x_wconf 89' lang='lat' dir='ltr'>der</span> <span class='ocrx_word' id='word_1_258' title='bbox 2192 3447 2345 3503; x_wconf 80' lang='lat' dir='ltr'>stadt</span> <span class='ocrx_word' id='word_1_259' title='bbox 2378 3447 2647 3518; x_wconf 85' lang='lat' dir='ltr'>gedreven</span> 
     </span>
     <span class='ocr_line' id='line_1_33' title="bbox 699 3533 2423 3606; baseline 0.001 -15"><span class='ocrx_word' id='word_1_260' title='bbox 699 3535 825 3591; x_wconf 90' lang='lat' dir='ltr'>Und</span> <span class='ocrx_word' id='word_1_261' title='bbox 863 3536 977 3589; x_wconf 83' lang='lat' dir='ltr'>sint</span> <span class='ocrx_word' id='word_1_262' title='bbox 1010 3533 1276 3589; x_wconf 82' lang='lat' dir='ltr'>nochtans</span> <span class='ocrx_word' id='word_1_263' title='bbox 1311 3536 1370 3589; x_wconf 92' lang='lat' dir='ltr'>in</span> <span class='ocrx_word' id='word_1_264' title='bbox 1409 3533 1574 3590; x_wconf 87' lang='lat' dir='ltr'>ehren</span> <span class='ocrx_word' id='word_1_265' title='bbox 1611 3535 1778 3591; x_wconf 89' lang='lat' dir='ltr'>orden</span> <span class='ocrx_word' id='word_1_266' title='bbox 1815 3534 1928 3590; x_wconf 89' lang='lat' dir='ltr'>und</span> <span class='ocrx_word' id='word_1_267' title='bbox 1963 3539 2110 3591; x_wconf 81' lang='lat' dir='ltr'>state</span> <span class='ocrx_word' id='word_1_268' title='bbox 2146 3534 2423 3606; x_wconf 84' lang='lat' dir='ltr'>gebleven.</span> 
     </span>
     <span class='ocr_line' id='line_1_34' title="bbox 696 3622 2002 3694; baseline -0.002 -15"><span class='ocrx_word' id='word_1_269' title='bbox 696 3622 857 3679; x_wconf 82' lang='lat' dir='ltr'>Velle</span> <span class='ocrx_word' id='word_1_270' title='bbox 890 3638 1071 3677; x_wconf 77' lang='lat' dir='ltr'>waren</span> <span class='ocrx_word' id='word_1_271' title='bbox 1106 3638 1213 3677; x_wconf 79' lang='lat' dir='ltr'>van</span> <span class='ocrx_word' id='word_1_272' title='bbox 1247 3622 1587 3678; x_wconf 85' lang='lat' dir='ltr'>sseachlicker</span> <span class='ocrx_word' id='word_1_273' title='bbox 1621 3624 1845 3694; x_wconf 86' lang='lat' dir='ltr'>begerte</span> <span class='ocrx_word' id='word_1_274' title='bbox 1883 3622 2002 3677; x_wconf 82' lang='lat' dir='ltr'>dull</span> 
     </span>
     <span class='ocr_line' id='line_1_35' title="bbox 698 3709 2325 3783; baseline 0 -16"><span class='ocrx_word' id='word_1_275' title='bbox 698 3711 826 3767; x_wconf 90' lang='lat' dir='ltr'>Und</span> <span class='ocrx_word' id='word_1_276' title='bbox 861 3727 1043 3766; x_wconf 78' lang='lat' dir='ltr'>waren</span> <span class='ocrx_word' id='word_1_277' title='bbox 1080 3709 1373 3767; x_wconf 79' lang='lat' dir='ltr'>derhalven</span> <span class='ocrx_word' id='word_1_278' title='bbox 1411 3711 1505 3767; x_wconf 84' lang='lat' dir='ltr'>dea</span> <span class='ocrx_word' id='word_1_279' title='bbox 1541 3711 1892 3783; x_wconf 80' lang='lat' dir='ltr'>uproriachen</span> <span class='ocrx_word' id='word_1_280' title='bbox 1928 3710 2158 3766; x_wconf 78' lang='lat' dir='ltr'>handels</span> <span class='ocrx_word' id='word_1_281' title='bbox 2194 3710 2325 3767; x_wconf 80' lang='lat' dir='ltr'>vull.</span> 
     </span>
     <span class='ocr_line' id='line_1_36' title="bbox 699 3801 2213 3871; baseline -0.001 -13"><span class='ocrx_word' id='word_1_282' title='bbox 699 3802 770 3858; x_wconf 88' lang='lat' dir='ltr'>Se</span> <span class='ocrx_word' id='word_1_283' title='bbox 805 3818 984 3857; x_wconf 78' lang='lat' dir='ltr'>weren</span> <span class='ocrx_word' id='word_1_284' title='bbox 1019 3817 1126 3855; x_wconf 78' lang='lat' dir='ltr'>van</span> <span class='ocrx_word' id='word_1_285' title='bbox 1162 3802 1369 3871; x_wconf 85' lang='lat' dir='ltr'>groiter</span> <span class='ocrx_word' id='word_1_286' title='bbox 1402 3802 1752 3857; x_wconf 84' lang='lat' dir='ltr'>unkuischeit</span> <span class='ocrx_word' id='word_1_287' title='bbox 1788 3802 1913 3857; x_wconf 79' lang='lat' dir='ltr'>sehr</span> <span class='ocrx_word' id='word_1_288' title='bbox 1946 3801 2213 3871; x_wconf 75' lang='lat' dir='ltr'>verbaaet,</span> 
     </span>
     <span class='ocr_line' id='line_1_37' title="bbox 697 3888 2843 3964; baseline 0.002 -19"><span class='ocrx_word' id='word_1_289' title='bbox 697 3890 907 3945; x_wconf 89' lang='lat' dir='ltr'>Darum</span> <span class='ocrx_word' id='word_1_290' title='bbox 942 3888 1155 3944; x_wconf 90' lang='lat' dir='ltr'>hebben</span> <span class='ocrx_word' id='word_1_291' title='bbox 1183 3906 1241 3944; x_wconf 84' lang='lat' dir='ltr'>se</span> <span class='ocrx_word' id='word_1_292' title='bbox 1275 3888 1377 3944; x_wconf 85' lang='lat' dir='ltr'>uth</span> <span class='ocrx_word' id='word_1_293' title='bbox 1404 3890 1568 3945; x_wconf 90' lang='lat' dir='ltr'>ehren</span> <span class='ocrx_word' id='word_1_294' title='bbox 1603 3890 1832 3945; x_wconf 83' lang='lat' dir='ltr'>kloister</span> <span class='ocrx_word' id='word_1_295' title='bbox 1866 3890 1977 3946; x_wconf 86' lang='lat' dir='ltr'>nah</span> <span class='ocrx_word' id='word_1_296' title='bbox 2017 3889 2354 3947; x_wconf 86' lang='lat' dir='ltr'>unkuischen</span> <span class='ocrx_word' id='word_1_297' title='bbox 2389 3891 2535 3947; x_wconf 84' lang='lat' dir='ltr'>kerls</span> <span class='ocrx_word' id='word_1_298' title='bbox 2572 3895 2843 3964; x_wconf 75' lang='lat' dir='ltr'>geraaet.“</span> 
     </span>
     <span class='ocr_line' id='line_1_38' title="bbox 555 3977 2922 4052; baseline 0.002 -20"><span class='ocrx_word' id='word_1_299' title='bbox 555 3978 621 4033; x_wconf 92' lang='lat' dir='ltr'>P.</span> <span class='ocrx_word' id='word_1_300' title='bbox 655 3978 1028 4033; x_wconf 82' lang='lat' dir='ltr'>Plateanue</span> <span class='ocrx_word' id='word_1_301' title='bbox 1069 3994 1119 4033; x_wconf 91' lang='lat' dir='ltr'>a.</span> <span class='ocrx_word' id='word_1_302' title='bbox 1145 3994 1196 4031; x_wconf 83' lang='lat' dir='ltr'>a.</span> <span class='ocrx_word' id='word_1_303' title='bbox 1222 3977 1314 4033; x_wconf 83' lang='lat'>0.:</span> <span class='ocrx_word' id='word_1_304' title='bbox 1357 3978 1746 4049; x_wconf 84' lang='lat' dir='ltr'>„Trepidatum</span> <span class='ocrx_word' id='word_1_305' title='bbox 1783 3981 1868 4033; x_wconf 84' lang='lat' dir='ltr'>est</span> <span class='ocrx_word' id='word_1_306' title='bbox 1904 3980 2061 4034; x_wconf 81' lang='lat' dir='ltr'>anxie</span> <span class='ocrx_word' id='word_1_307' title='bbox 2097 3980 2243 4034; x_wconf 85' lang='lat' dir='ltr'>inter</span> <span class='ocrx_word' id='word_1_308' title='bbox 2275 3981 2501 4050; x_wconf 79' lang='lat' dir='ltr'>pavidae</span> <span class='ocrx_word' id='word_1_309' title='bbox 2536 3981 2767 4052; x_wconf 83' lang='lat' dir='ltr'>puellas.</span> <span class='ocrx_word' id='word_1_310' title='bbox 2822 3981 2922 4037; x_wconf 89' lang='lat' dir='ltr'>Iu·</span> 
     </span>
     <span class='ocr_line' id='line_1_39' title="bbox 553 4064 2925 4139; baseline 0.003 -19"><span class='ocrx_word' id='word_1_311' title='bbox 553 4065 735 4120; x_wconf 83' lang='lat' dir='ltr'>niores</span> <span class='ocrx_word' id='word_1_312' title='bbox 761 4082 946 4121; x_wconf 85' lang='lat' dir='ltr'>omnes</span> <span class='ocrx_word' id='word_1_313' title='bbox 983 4064 1284 4120; x_wconf 80' lang='lat' dir='ltr'>sarcinulas</span> <span class='ocrx_word' id='word_1_314' title='bbox 1309 4064 1568 4137; x_wconf 86' lang='lat' dir='ltr'>colligere</span> <span class='ocrx_word' id='word_1_315' title='bbox 1593 4069 1652 4121; x_wconf 88' lang='lat' dir='ltr'>et</span> <span class='ocrx_word' id='word_1_316' title='bbox 1673 4065 1809 4137; x_wconf 78' lang='lat' dir='ltr'>fuga</span> <span class='ocrx_word' id='word_1_317' title='bbox 1833 4067 2058 4121; x_wconf 79' lang='lat' dir='ltr'>evadere</span> <span class='ocrx_word' id='word_1_318' title='bbox 2083 4070 2199 4121; x_wconf 86' lang='lat' dir='ltr'>tam</span> <span class='ocrx_word' id='word_1_319' title='bbox 2233 4068 2596 4139; x_wconf 89' lang='lat' dir='ltr'>propinquum</span> <span class='ocrx_word' id='word_1_320' title='bbox 2631 4071 2925 4127; x_wconf 84' lang='lat' dir='ltr'>interitum</span> 
     </span>
     <span class='ocr_line' id='line_1_40' title="bbox 555 4153 2924 4227; baseline 0.003 -19"><span class='ocrx_word' id='word_1_321' title='bbox 555 4158 867 4224; x_wconf 85' lang='lat' dir='ltr'>properant.</span> <span class='ocrx_word' id='word_1_322' title='bbox 913 4153 1149 4209; x_wconf 81' lang='lat' dir='ltr'>Vetulae</span> <span class='ocrx_word' id='word_1_323' title='bbox 1173 4153 1440 4226; x_wconf 83' lang='lat' dir='ltr'>quaedam</span> <span class='ocrx_word' id='word_1_324' title='bbox 1467 4157 1524 4209; x_wconf 90' lang='lat' dir='ltr'>et</span> <span class='ocrx_word' id='word_1_325' title='bbox 1546 4155 1807 4225; x_wconf 83' lang='lat' dir='ltr'>primores</span> <span class='ocrx_word' id='word_1_326' title='bbox 1831 4155 2068 4225; x_wconf 78' lang='lat' dir='ltr'>virgines</span> <span class='ocrx_word' id='word_1_327' title='bbox 2103 4156 2348 4210; x_wconf 78' lang='lat' dir='ltr'>vanitate</span> <span class='ocrx_word' id='word_1_328' title='bbox 2383 4161 2569 4227; x_wconf 77' lang='lat' dir='ltr'>spreta</span> <span class='ocrx_word' id='word_1_329' title='bbox 2602 4159 2924 4214; x_wconf 81' lang='lat' dir='ltr'>insanorum</span> 
     </span>
     <span class='ocr_line' id='line_1_41' title="bbox 557 4241 2922 4318; baseline 0.002 -21"><span class='ocrx_word' id='word_1_330' title='bbox 557 4241 946 4313; x_wconf 85' lang='lat' dir='ltr'>prophetarum</span> <span class='ocrx_word' id='word_1_331' title='bbox 995 4244 1356 4314; x_wconf 85' lang='lat' dir='ltr'>perstiterunt</span> <span class='ocrx_word' id='word_1_332' title='bbox 1389 4244 1446 4298; x_wconf 91' lang='lat' dir='ltr'>in</span> <span class='ocrx_word' id='word_1_333' title='bbox 1484 4243 1744 4298; x_wconf 89' lang='lat' dir='ltr'>coenobio</span> <span class='ocrx_word' id='word_1_334' title='bbox 1784 4283 1799 4298; x_wconf 92' lang='lat'><strong>.</strong></span> <span class='ocrx_word' id='word_1_335' title='bbox 1820 4282 1833 4297; x_wconf 94' lang='lat'><strong>.</strong></span> <span class='ocrx_word' id='word_1_336' title='bbox 1855 4282 1870 4297; x_wconf 92' lang='lat'><strong>.</strong></span> <span class='ocrx_word' id='word_1_337' title='bbox 1926 4243 2234 4299; x_wconf 85' lang='lat' dir='ltr'>Permansit</span> <span class='ocrx_word' id='word_1_338' title='bbox 2269 4247 2656 4301; x_wconf 80' lang='lat' dir='ltr'>monasterium</span> <span class='ocrx_word' id='word_1_339' title='bbox 2703 4264 2922 4318; x_wconf 87' lang='lat' dir='ltr'>perma-</span> 
     </span>
     <span class='ocr_line' id='line_1_42' title="bbox 556 4330 2922 4404; baseline 0.003 -18"><span class='ocrx_word' id='word_1_340' title='bbox 556 4333 761 4402; x_wconf 85' lang='lat' dir='ltr'>netque</span> <span class='ocrx_word' id='word_1_341' title='bbox 796 4332 854 4385; x_wconf 91' lang='lat' dir='ltr'>in</span> <span class='ocrx_word' id='word_1_342' title='bbox 890 4330 1213 4386; x_wconf 87' lang='lat' dir='ltr'>hodiernum</span> <span class='ocrx_word' id='word_1_343' title='bbox 1248 4346 1420 4402; x_wconf 78' lang='lat' dir='ltr'>usque</span> <span class='ocrx_word' id='word_1_344' title='bbox 1457 4330 1619 4387; x_wconf 90' lang='lat' dir='ltr'>diem.</span> <span class='ocrx_word' id='word_1_345' title='bbox 1667 4330 1921 4402; x_wconf 85' lang='lat' dir='ltr'>Virgines</span> <span class='ocrx_word' id='word_1_346' title='bbox 1946 4348 2089 4402; x_wconf 85' lang='lat' dir='ltr'>vero,</span> <span class='ocrx_word' id='word_1_347' title='bbox 2127 4348 2267 4403; x_wconf 87' lang='lat' dir='ltr'>quae</span> <span class='ocrx_word' id='word_1_348' title='bbox 2304 4332 2652 4404; x_wconf 75' lang='lat' dir='ltr'>diffugerant,</span> <span class='ocrx_word' id='word_1_349' title='bbox 2690 4335 2761 4391; x_wconf 83' lang='lat' dir='ltr'>ab</span> <span class='ocrx_word' id='word_1_350' title='bbox 2786 4352 2922 4392; x_wconf 80' lang='lat' dir='ltr'>ana-</span> 
     </span>
    </p>
   </div>
  </div>
 </body>
</html>
