<?xml version="1.0" encoding="UTF-8"?>
<!DOCTYPE html PUBLIC "-//W3C//DTD XHTML 1.0 Transitional//EN"
    "http://www.w3.org/TR/xhtml1/DTD/xhtml1-transitional.dtd">
<html xmlns="http://www.w3.org/1999/xhtml" xml:lang="en" lang="en">
 <head>
  <title>
</title>
<meta http-equiv="Content-Type" content="text/html;charset=utf-8" />
  <meta name='ocr-system' content='tesseract 3.04.00' />
  <meta name='ocr-capabilities' content='ocr_page ocr_carea ocr_par ocr_line ocrx_word'/>
</head>
<body>
  <div class='ocr_page' id='page_1' title='image "./hermanniakersse00westgoog_0380.png"; bbox 0 0 3259 5075; ppageno 0'>
   <div class='ocr_carea' id='block_1_1' title="bbox 359 2102 618 2173">
    <p class='ocr_par' dir='ltr' id='par_1_1' title="bbox 359 2102 618 2173">
     <span class='ocr_line' id='line_1_1' title="bbox 359 2102 618 2173; baseline 0.015 -18"><span class='ocrx_word' id='word_1_1' title='bbox 359 2102 389 2132; x_wconf 73' lang='lat'>⁸¹</span> <span class='ocrx_word' id='word_1_2' title='bbox 406 2120 458 2173; x_wconf 87' lang='lat' dir='ltr'>p.</span> <span class='ocrx_word' id='word_1_3' title='bbox 496 2103 618 2159; x_wconf 69' lang='lat'>577.</span> 
     </span>
    </p>
   </div>
   <div class='ocr_carea' id='block_1_2' title="bbox 654 317 2120 385">
    <p class='ocr_par' dir='ltr' id='par_1_2' title="bbox 654 317 2120 385">
     <span class='ocr_line' id='line_1_2' title="bbox 654 317 2120 385; baseline -0.002 -1"><span class='ocrx_word' id='word_1_4' title='bbox 654 322 782 385; x_wconf 76' lang='lat'>756</span> <span class='ocrx_word' id='word_1_5' title='bbox 1509 317 1694 383; x_wconf 81' lang='lat' dir='ltr'>Anno</span> <span class='ocrx_word' id='word_1_6' title='bbox 1747 317 1917 382; x_wconf 82' lang='lat'>1535</span> <span class='ocrx_word' id='word_1_7' title='bbox 1963 317 2120 381; x_wconf 86' lang='lat' dir='ltr'>acta.</span> 
     </span>
    </p>
   </div>
   <div class='ocr_carea' id='block_1_3' title="bbox 639 493 3007 3018">
    <p class='ocr_par' dir='ltr' id='par_1_3' title="bbox 639 493 3007 3018">
     <span class='ocr_line' id='line_1_3' title="bbox 650 493 3007 579; baseline -0.002 -18"><span class='ocrx_word' id='word_1_8' title='bbox 650 496 872 561; x_wconf 89' lang='lat' dir='ltr'>ceteris</span> <span class='ocrx_word' id='word_1_9' title='bbox 904 495 1300 578; x_wconf 89' lang='lat' dir='ltr'>principibus</span> <span class='ocrx_word' id='word_1_10' title='bbox 1334 494 1654 579; x_wconf 90' lang='lat' dir='ltr'>tribuerit,</span> <span class='ocrx_word' id='word_1_11' title='bbox 1689 494 1902 558; x_wconf 88' lang='lat' dir='ltr'>videre</span> <span class='ocrx_word' id='word_1_12' title='bbox 1933 494 2101 557; x_wconf 88' lang='lat' dir='ltr'>licet.</span> <span class='ocrx_word' id='word_1_13' title='bbox 2169 493 2524 576; x_wconf 88' lang='lat' dir='ltr'>Utrumque</span> <span class='ocrx_word' id='word_1_14' title='bbox 2556 495 2769 557; x_wconf 88' lang='lat' dir='ltr'>autem</span> <span class='ocrx_word' id='word_1_15' title='bbox 2799 493 3007 574; x_wconf 89' lang='lat' dir='ltr'>scrip-</span> 
     </span>
     <span class='ocr_line' id='line_1_4' title="bbox 648 598 3007 684; baseline -0.002 -18"><span class='ocrx_word' id='word_1_16' title='bbox 648 603 789 667; x_wconf 90' lang='lat' dir='ltr'>tum</span> <span class='ocrx_word' id='word_1_17' title='bbox 836 602 1001 666; x_wconf 83' lang='lat' dir='ltr'>nihil</span> <span class='ocrx_word' id='word_1_18' title='bbox 1048 601 1412 666; x_wconf 89' lang='lat' dir='ltr'>continebat</span> <span class='ocrx_word' id='word_1_19' title='bbox 1456 603 1706 684; x_wconf 87' lang='lat' dir='ltr'>praeter</span> <span class='ocrx_word' id='word_1_20' title='bbox 1749 601 2002 664; x_wconf 88' lang='lat' dir='ltr'>inanem</span> <span class='ocrx_word' id='word_1_21' title='bbox 2035 602 2097 664; x_wconf 90' lang='lat' dir='ltr'>et</span> <span class='ocrx_word' id='word_1_22' title='bbox 2141 598 2432 682; x_wconf 90' lang='lat' dir='ltr'>ineptum</span> <span class='ocrx_word' id='word_1_23' title='bbox 2462 601 2797 663; x_wconf 84' lang='lat' dir='ltr'>verborum</span> <span class='ocrx_word' id='word_1_24' title='bbox 2838 600 3007 663; x_wconf 88' lang='lat' dir='ltr'>stre-</span> 
     </span>
     <span class='ocr_line' id='line_1_5' title="bbox 646 705 3004 792; baseline -0.002 -19"><span class='ocrx_word' id='word_1_25' title='bbox 646 709 874 792; x_wconf 88' lang='lat' dir='ltr'>pitum,</span> <span class='ocrx_word' id='word_1_26' title='bbox 925 727 1046 792; x_wconf 91' lang='lat' dir='ltr'>quo</span> <span class='ocrx_word' id='word_1_27' title='bbox 1091 727 1199 772; x_wconf 86' lang='lat' dir='ltr'>rex</span> <span class='ocrx_word' id='word_1_28' title='bbox 1244 727 1367 772; x_wconf 92' lang='lat' dir='ltr'>non</span> <span class='ocrx_word' id='word_1_29' title='bbox 1418 707 1603 771; x_wconf 89' lang='lat' dir='ltr'>aliter</span> <span class='ocrx_word' id='word_1_30' title='bbox 1648 723 1827 770; x_wconf 87' lang='lat' dir='ltr'>suam</span> <span class='ocrx_word' id='word_1_31' title='bbox 1871 705 2284 788; x_wconf 70' lang='lat' dir='ltr'>impietatem,</span> <span class='ocrx_word' id='word_1_32' title='bbox 2335 724 2525 788; x_wconf 89' lang='lat' dir='ltr'>quam</span> <span class='ocrx_word' id='word_1_33' title='bbox 2558 705 2836 771; x_wconf 88' lang='lat' dir='ltr'>Adamus</span> <span class='ocrx_word' id='word_1_34' title='bbox 2886 724 3004 769; x_wconf 87' lang='lat' dir='ltr'>sua</span> 
     </span>
     <span class='ocr_line' id='line_1_6' title="bbox 647 811 3003 896; baseline -0.002 -17"><span class='ocrx_word' id='word_1_35' title='bbox 647 814 916 879; x_wconf 84' lang='lat' dir='ltr'>verenda</span> <span class='ocrx_word' id='word_1_36' title='bbox 973 813 1080 877; x_wconf 92' lang='lat' dir='ltr'>fici</span> <span class='ocrx_word' id='word_1_37' title='bbox 1126 813 1295 878; x_wconf 88' lang='lat' dir='ltr'>foliis</span> <span class='ocrx_word' id='word_1_38' title='bbox 1343 815 1634 896; x_wconf 80' lang='lat' dir='ltr'>obtegere</span> <span class='ocrx_word' id='word_1_39' title='bbox 1695 811 2171 876; x_wconf 50' lang='lat' dir='ltr'>contendebat&amp;</span> <span class='ocrx_word' id='word_1_40' title='bbox 2265 812 2341 875; x_wconf 89' lang='lat' dir='ltr'>In</span> <span class='ocrx_word' id='word_1_41' title='bbox 2389 812 2626 894; x_wconf 88' lang='lat' dir='ltr'>scripto</span> <span class='ocrx_word' id='word_1_42' title='bbox 2671 830 2817 876; x_wconf 85' lang='lat' dir='ltr'>vero</span> <span class='ocrx_word' id='word_1_43' title='bbox 2864 811 3003 893; x_wconf 88' lang='lat' dir='ltr'>pri-</span> 
     </span>
     <span class='ocr_line' id='line_1_7' title="bbox 645 916 3002 1002; baseline -0.002 -17"><span class='ocrx_word' id='word_1_44' title='bbox 645 923 791 986; x_wconf 83' lang='lat' dir='ltr'>vato</span> <span class='ocrx_word' id='word_1_45' title='bbox 839 920 913 984; x_wconf 85' lang='lat' dir='ltr'>ad</span> <span class='ocrx_word' id='word_1_46' title='bbox 961 917 1416 1002; x_wconf 87' lang='lat' dir='ltr'>Lantgravium</span> <span class='ocrx_word' id='word_1_47' title='bbox 1476 918 1667 983; x_wconf 88' lang='lat' dir='ltr'>misso</span> <span class='ocrx_word' id='word_1_48' title='bbox 1715 918 1893 1001; x_wconf 89' lang='lat' dir='ltr'>regni</span> <span class='ocrx_word' id='word_1_49' title='bbox 1940 919 2005 981; x_wconf 89' lang='lat' dir='ltr'>et</span> <span class='ocrx_word' id='word_1_50' title='bbox 2049 917 2217 999; x_wconf 90' lang='lat' dir='ltr'>regis</span> <span class='ocrx_word' id='word_1_51' title='bbox 2264 916 2458 981; x_wconf 85' lang='lat' dir='ltr'>creati</span> <span class='ocrx_word' id='word_1_52' title='bbox 2517 935 2706 981; x_wconf 91' lang='lat' dir='ltr'>causa</span> <span class='ocrx_word' id='word_1_53' title='bbox 2750 917 2842 980; x_wconf 91' lang='lat' dir='ltr'>sic</span> <span class='ocrx_word' id='word_1_54' title='bbox 2889 916 3002 980; x_wconf 91' lang='lat' dir='ltr'>de-</span> 
     </span>
     <span class='ocr_line' id='line_1_8' title="bbox 648 1023 3004 1107; baseline -0.001 -17"><span class='ocrx_word' id='word_1_55' title='bbox 648 1025 975 1091; x_wconf 77' lang='lat' dir='ltr'>scribitur:</span> <span class='ocrx_word' id='word_1_56' title='bbox 1031 1025 1231 1107; x_wconf 82' lang='lat' dir='ltr'>„Leve</span> <span class='ocrx_word' id='word_1_57' title='bbox 1275 1024 1491 1106; x_wconf 77' lang='lat' dir='ltr'>LiPS,“</span> <span class='ocrx_word' id='word_1_58' title='bbox 1545 1025 1695 1107; x_wconf 90' lang='lat' dir='ltr'>(hoc</span> <span class='ocrx_word' id='word_1_59' title='bbox 1743 1027 1872 1089; x_wconf 89' lang='lat' dir='ltr'>est:</span> <span class='ocrx_word' id='word_1_60' title='bbox 1921 1043 2059 1088; x_wconf 90' lang='lat' dir='ltr'>care</span> <span class='ocrx_word' id='word_1_61' title='bbox 2105 1023 2433 1106; x_wconf 84' lang='lat' dir='ltr'>Philippe3</span> <span class='ocrx_word' id='word_1_62' title='bbox 2481 1023 2602 1088; x_wconf 93' lang='lat' dir='ltr'>hoc</span> <span class='ocrx_word' id='word_1_63' title='bbox 2649 1023 2818 1087; x_wconf 90' lang='lat' dir='ltr'>enim</span> <span class='ocrx_word' id='word_1_64' title='bbox 2864 1025 3004 1087; x_wconf 89' lang='lat' dir='ltr'>erat</span> 
     </span>
     <span class='ocr_line' id='line_1_9' title="bbox 645 1128 3002 1214; baseline -0.001 -18"><span class='ocrx_word' id='word_1_65' title='bbox 645 1150 873 1197; x_wconf 91' lang='lat' dir='ltr'>nomen</span> <span class='ocrx_word' id='word_1_66' title='bbox 916 1130 1328 1214; x_wconf 84' lang='lat' dir='ltr'>Lantgravio)</span> <span class='ocrx_word' id='word_1_67' title='bbox 1382 1132 1495 1213; x_wconf 87' lang='lat' dir='ltr'>„tu</span> <span class='ocrx_word' id='word_1_68' title='bbox 1528 1130 1662 1195; x_wconf 89' lang='lat' dir='ltr'>sine</span> <span class='ocrx_word' id='word_1_69' title='bbox 1709 1130 1902 1195; x_wconf 93' lang='lat' dir='ltr'>dubio</span> <span class='ocrx_word' id='word_1_70' title='bbox 1949 1130 2136 1212; x_wconf 90' lang='lat' dir='ltr'>nosti,</span> <span class='ocrx_word' id='word_1_71' title='bbox 2186 1130 2354 1213; x_wconf 90' lang='lat' dir='ltr'>quod</span> <span class='ocrx_word' id='word_1_72' title='bbox 2399 1128 2692 1194; x_wconf 86' lang='lat' dir='ltr'>Christus</span> <span class='ocrx_word' id='word_1_73' title='bbox 2739 1132 2804 1194; x_wconf 89' lang='lat' dir='ltr'>et</span> <span class='ocrx_word' id='word_1_74' title='bbox 2850 1149 3002 1212; x_wconf 88' lang='lat' dir='ltr'>pro-</span> 
     </span>
     <span class='ocr_line' id='line_1_10' title="bbox 644 1234 3001 1320; baseline -0 -19"><span class='ocrx_word' id='word_1_75' title='bbox 644 1236 872 1320; x_wconf 90' lang='lat' dir='ltr'>phetae</span> <span class='ocrx_word' id='word_1_76' title='bbox 918 1236 1210 1318; x_wconf 84' lang='lat' dir='ltr'>dixerint,</span> <span class='ocrx_word' id='word_1_77' title='bbox 1265 1255 1342 1300; x_wconf 90' lang='lat' dir='ltr'>ne</span> <span class='ocrx_word' id='word_1_78' title='bbox 1389 1236 1630 1319; x_wconf 81' lang='lat' dir='ltr'>apicem</span> <span class='ocrx_word' id='word_1_79' title='bbox 1675 1234 1932 1318; x_wconf 90' lang='lat' dir='ltr'>quidem</span> <span class='ocrx_word' id='word_1_80' title='bbox 1976 1234 2489 1319; x_wconf 85' lang='lat' dir='ltr'>propheticarum</span> <span class='ocrx_word' id='word_1_81' title='bbox 2535 1235 3001 1319; x_wconf 87' lang='lat' dir='ltr'>scripturarum</span> 
     </span>
     <span class='ocr_line' id='line_1_11' title="bbox 643 1341 2996 1426; baseline -0.001 -18"><span class='ocrx_word' id='word_1_82' title='bbox 643 1343 881 1408; x_wconf 89' lang='lat' dir='ltr'>frustra</span> <span class='ocrx_word' id='word_1_83' title='bbox 945 1343 1226 1426; x_wconf 87' lang='lat' dir='ltr'>positum</span> <span class='ocrx_word' id='word_1_84' title='bbox 1286 1341 1480 1407; x_wconf 86' lang='lat' dir='ltr'>fuisse</span> <span class='ocrx_word' id='word_1_85' title='bbox 1501 1344 1542 1407; x_wconf 77' lang='lat'>².</span> <span class='ocrx_word' id='word_1_86' title='bbox 1638 1342 1863 1408; x_wconf 83' lang='lat' dir='ltr'>Petrus</span> <span class='ocrx_word' id='word_1_87' title='bbox 1924 1342 1994 1406; x_wconf 93' lang='grc'>111</span> <span class='ocrx_word' id='word_1_88' title='bbox 2039 1341 2219 1406; x_wconf 89' lang='lat' dir='ltr'>Actis</span> <span class='ocrx_word' id='word_1_89' title='bbox 2264 1341 2711 1424; x_wconf 84' lang='lat' dir='ltr'>Apostolorum</span> <span class='ocrx_word' id='word_1_90' title='bbox 2760 1343 2996 1426; x_wconf 85' lang='lat' dir='ltr'>inquit,</span> 
     </span>
     <span class='ocr_line' id='line_1_12' title="bbox 645 1448 2999 1535; baseline -0.001 -21"><span class='ocrx_word' id='word_1_91' title='bbox 645 1450 811 1535; x_wconf 87' lang='lat' dir='ltr'>quod</span> <span class='ocrx_word' id='word_1_92' title='bbox 858 1451 925 1514; x_wconf 92' lang='lat' dir='ltr'>in</span> <span class='ocrx_word' id='word_1_93' title='bbox 972 1451 1252 1532; x_wconf 83' lang='lat' dir='ltr'>‘tempore</span> <span class='ocrx_word' id='word_1_94' title='bbox 1298 1449 1741 1532; x_wconf 63' lang='lat' dir='ltr'>restitutionis»,</span> <span class='ocrx_word' id='word_1_95' title='bbox 1792 1467 1949 1532; x_wconf 88' lang='lat' dir='ltr'>quae</span> <span class='ocrx_word' id='word_1_96' title='bbox 1997 1448 2219 1531; x_wconf 89' lang='lat' dir='ltr'>coepit,</span> <span class='ocrx_word' id='word_1_97' title='bbox 2269 1451 2603 1532; x_wconf 85' lang='lat' dir='ltr'>postquam</span> <span class='ocrx_word' id='word_1_98' title='bbox 2649 1468 2763 1531; x_wconf 88' lang='lat' dir='ltr'>per</span> <span class='ocrx_word' id='word_1_99' title='bbox 2807 1448 2999 1513; x_wconf 86' lang='lat' dir='ltr'>olari-</span> 
     </span>
     <span class='ocr_line' id='line_1_13' title="bbox 643 1554 2994 1640; baseline -0.002 -18"><span class='ocrx_word' id='word_1_100' title='bbox 643 1558 843 1622; x_wconf 87' lang='lat' dir='ltr'>tatem</span> <span class='ocrx_word' id='word_1_101' title='bbox 889 1556 1197 1640; x_wconf 85' lang='lat' dir='ltr'>evangelii</span> <span class='ocrx_word' id='word_1_102' title='bbox 1264 1555 1651 1638; x_wconf 81' lang='lat' dir='ltr'>Babylonica</span> <span class='ocrx_word' id='word_1_103' title='bbox 1722 1554 2060 1638; x_wconf 83' lang='lat' dir='ltr'>captivitas</span> <span class='ocrx_word' id='word_1_104' title='bbox 2128 1554 2530 1620; x_wconf 87' lang='lat' dir='ltr'>manifestata</span> <span class='ocrx_word' id='word_1_105' title='bbox 2575 1557 2696 1637; x_wconf 89' lang='lat' dir='ltr'>est,</span> <span class='ocrx_word' id='word_1_106' title='bbox 2761 1556 2994 1635; x_wconf 88' lang='lat' dir='ltr'>omnia,</span> 
     </span>
     <span class='ocr_line' id='line_1_14' title="bbox 645 1661 2994 1746; baseline -0.001 -19"><span class='ocrx_word' id='word_1_107' title='bbox 645 1682 801 1746; x_wconf 87' lang='lat' dir='ltr'>quae</span> <span class='ocrx_word' id='word_1_108' title='bbox 863 1663 1111 1727; x_wconf 91' lang='lat' dir='ltr'>locutus</span> <span class='ocrx_word' id='word_1_109' title='bbox 1181 1663 1277 1726; x_wconf 90' lang='lat' dir='ltr'>est</span> <span class='ocrx_word' id='word_1_110' title='bbox 1322 1662 1491 1726; x_wconf 92' lang='lat' dir='ltr'>Deus</span> <span class='ocrx_word' id='word_1_111' title='bbox 1561 1681 1675 1744; x_wconf 89' lang='lat' dir='ltr'>per</span> <span class='ocrx_word' id='word_1_112' title='bbox 1720 1680 1786 1726; x_wconf 92' lang='lat' dir='ltr'>os</span> <span class='ocrx_word' id='word_1_113' title='bbox 1833 1662 2117 1726; x_wconf 91' lang='lat' dir='ltr'>omnium</span> <span class='ocrx_word' id='word_1_114' title='bbox 2185 1661 2643 1743; x_wconf 86' lang='lat' dir='ltr'>Prophetarum</span> <span class='ocrx_word' id='word_1_115' title='bbox 2712 1673 2994 1743; x_wconf 87' lang='lat' dir='ltr'>suorum,</span> 
     </span>
     <span class='ocr_line' id='line_1_15' title="bbox 642 1767 2996 1851; baseline 0 -19"><span class='ocrx_word' id='word_1_116' title='bbox 642 1768 1161 1851; x_wconf 88' lang='lat' dir='ltr'>adimplebuntur</span> <span class='ocrx_word' id='word_1_117' title='bbox 1205 1769 1362 1832; x_wconf 77' lang='lat' dir='ltr'>etc.³</span> <span class='ocrx_word' id='word_1_118' title='bbox 1437 1769 1706 1832; x_wconf 83' lang='lat' dir='ltr'>Revolve</span> <span class='ocrx_word' id='word_1_119' title='bbox 1754 1787 1899 1851; x_wconf 88' lang='lat' dir='ltr'>ergo</span> <span class='ocrx_word' id='word_1_120' title='bbox 1944 1767 2406 1850; x_wconf 83' lang='lat' dir='ltr'>Prophetarum</span> <span class='ocrx_word' id='word_1_121' title='bbox 2452 1767 2689 1850; x_wconf 85' lang='lat' dir='ltr'>scripta</span> <span class='ocrx_word' id='word_1_122' title='bbox 2734 1770 2799 1832; x_wconf 90' lang='lat' dir='ltr'>et</span> <span class='ocrx_word' id='word_1_123' title='bbox 2844 1768 2996 1832; x_wconf 91' lang='lat' dir='ltr'>dili-</span> 
     </span>
     <span class='ocr_line' id='line_1_16' title="bbox 643 1874 2997 1959; baseline 0 -20"><span class='ocrx_word' id='word_1_124' title='bbox 643 1880 864 1959; x_wconf 88' lang='lat' dir='ltr'>genter</span> <span class='ocrx_word' id='word_1_125' title='bbox 894 1877 1190 1955; x_wconf 88' lang='lat' dir='ltr'>scrutare,</span> <span class='ocrx_word' id='word_1_126' title='bbox 1242 1875 1396 1958; x_wconf 91' lang='lat' dir='ltr'>quid</span> <span class='ocrx_word' id='word_1_127' title='bbox 1428 1874 1505 1939; x_wconf 89' lang='lat' dir='ltr'>de</span> <span class='ocrx_word' id='word_1_128' title='bbox 1538 1875 1905 1957; x_wconf 83' lang='lat' dir='ltr'>captivitate</span> <span class='ocrx_word' id='word_1_129' title='bbox 1935 1874 2326 1957; x_wconf 80' lang='lat' dir='ltr'>Babylonica</span> <span class='ocrx_word' id='word_1_130' title='bbox 2355 1875 2419 1939; x_wconf 90' lang='lat' dir='ltr'>et</span> <span class='ocrx_word' id='word_1_131' title='bbox 2455 1874 2997 1939; x_wconf 88' lang='lat' dir='ltr'>consummatione</span> 
     </span>
     <span class='ocr_line' id='line_1_17' title="bbox 642 1979 2996 2064; baseline 0 -20"><span class='ocrx_word' id='word_1_132' title='bbox 642 1980 835 2045; x_wconf 89' lang='lat' dir='ltr'>huius</span> <span class='ocrx_word' id='word_1_133' title='bbox 879 1980 1105 2045; x_wconf 90' lang='lat' dir='ltr'>mundi</span> <span class='ocrx_word' id='word_1_134' title='bbox 1152 1981 1448 2062; x_wconf 85' lang='lat' dir='ltr'>scribant,</span> <span class='ocrx_word' id='word_1_135' title='bbox 1499 1980 1795 2045; x_wconf 89' lang='lat' dir='ltr'>similiter</span> <span class='ocrx_word' id='word_1_136' title='bbox 1840 1980 1987 2064; x_wconf 88' lang='lat' dir='ltr'>quid</span> <span class='ocrx_word' id='word_1_137' title='bbox 2038 1981 2370 2062; x_wconf 86' lang='lat' dir='ltr'>parabolae</span> <span class='ocrx_word' id='word_1_138' title='bbox 2415 1979 2673 2060; x_wconf 88' lang='lat' dir='ltr'>Christi,</span> <span class='ocrx_word' id='word_1_139' title='bbox 2722 1979 2996 2063; x_wconf 84' lang='lat' dir='ltr'>Aposto-</span> 
     </span>
     <span class='ocr_line' id='line_1_18' title="bbox 642 2084 2997 2170; baseline 0 -20"><span class='ocrx_word' id='word_1_140' title='bbox 642 2087 851 2150; x_wconf 91' lang='lat' dir='ltr'>lorum</span> <span class='ocrx_word' id='word_1_141' title='bbox 919 2087 1155 2169; x_wconf 89' lang='lat' dir='ltr'>scripta</span> <span class='ocrx_word' id='word_1_142' title='bbox 1199 2089 1262 2151; x_wconf 90' lang='lat' dir='ltr'>et</span> <span class='ocrx_word' id='word_1_143' title='bbox 1307 2087 1718 2170; x_wconf 79' lang='lat' dir='ltr'>Apocalypsis</span> <span class='ocrx_word' id='word_1_144' title='bbox 1766 2084 2132 2168; x_wconf 85' lang='lat' dir='ltr'>*testentur,</span> <span class='ocrx_word' id='word_1_145' title='bbox 2204 2088 2358 2169; x_wconf 89' lang='lat' dir='ltr'>quid</span> <span class='ocrx_word' id='word_1_146' title='bbox 2403 2086 2808 2168; x_wconf 81' lang='lat' dir='ltr'>Babylonicis</span> <span class='ocrx_word' id='word_1_147' title='bbox 2877 2106 2997 2169; x_wconf 88' lang='lat' dir='ltr'>pro</span> 
     </span>
     <span class='ocr_line' id='line_1_19' title="bbox 649 2192 2996 2276; baseline 0 -19"><span class='ocrx_word' id='word_1_148' title='bbox 649 2210 764 2257; x_wconf 90' lang='lat' dir='ltr'>sua</span> <span class='ocrx_word' id='word_1_149' title='bbox 806 2193 1041 2257; x_wconf 91' lang='lat' dir='ltr'>militia</span> <span class='ocrx_word' id='word_1_150' title='bbox 1102 2194 1505 2275; x_wconf 88' lang='lat' dir='ltr'>retribuetur,</span> <span class='ocrx_word' id='word_1_151' title='bbox 1580 2196 1644 2258; x_wconf 90' lang='lat' dir='ltr'>et</span> <span class='ocrx_word' id='word_1_152' title='bbox 1690 2213 1722 2257; x_wconf 92' lang='lat' dir='ltr'>e</span> <span class='ocrx_word' id='word_1_153' title='bbox 1768 2192 2012 2257; x_wconf 85' lang='lat' dir='ltr'>diverso</span> <span class='ocrx_word' id='word_1_154' title='bbox 2061 2193 2138 2257; x_wconf 87' lang='lat' dir='ltr'>ad</span> <span class='ocrx_word' id='word_1_155' title='bbox 2184 2193 2353 2276; x_wconf 91' lang='lat' dir='ltr'>quod</span> <span class='ocrx_word' id='word_1_156' title='bbox 2413 2211 2679 2275; x_wconf 88' lang='lat' dir='ltr'>regnum</span> <span class='ocrx_word' id='word_1_157' title='bbox 2725 2209 2996 2275; x_wconf 86' lang='lat' dir='ltr'>quamve</span> 
     </span>
     <span class='ocr_line' id='line_1_20' title="bbox 644 2297 2995 2382; baseline 0.001 -21"><span class='ocrx_word' id='word_1_158' title='bbox 644 2297 910 2381; x_wconf 87' lang='lat' dir='ltr'>gloriam</span> <span class='ocrx_word' id='word_1_159' title='bbox 980 2300 1251 2381; x_wconf 89' lang='lat' dir='ltr'>populus</span> <span class='ocrx_word' id='word_1_160' title='bbox 1302 2300 1418 2364; x_wconf 90' lang='lat' dir='ltr'>Dei</span> <span class='ocrx_word' id='word_1_161' title='bbox 1464 2319 1536 2363; x_wconf 86' lang='lat' dir='ltr'>ex</span> <span class='ocrx_word' id='word_1_162' title='bbox 1582 2298 1874 2363; x_wconf 86' lang='lat' dir='ltr'>omnibus</span> <span class='ocrx_word' id='word_1_163' title='bbox 1945 2302 2145 2363; x_wconf 86' lang='lat' dir='ltr'>terrae</span> <span class='ocrx_word' id='word_1_164' title='bbox 2214 2299 2447 2363; x_wconf 89' lang='lat' dir='ltr'>finibus</span> <span class='ocrx_word' id='word_1_165' title='bbox 2518 2298 2995 2382; x_wconf 83' lang='lat' dir='ltr'>congregandus</span> 
     </span>
     <span class='ocr_line' id='line_1_21' title="bbox 646 2402 2996 2492; baseline 0 -24"><span class='ocrx_word' id='word_1_166' title='bbox 646 2402 1205 2492; x_wconf 71' lang='lat' dir='ltr'>exaltabitur.·{De</span> <span class='ocrx_word' id='word_1_167' title='bbox 1251 2404 1369 2468; x_wconf 89' lang='lat' dir='ltr'>hoc</span> <span class='ocrx_word' id='word_1_168' title='bbox 1415 2406 1713 2486; x_wconf 88' lang='lat' dir='ltr'>tempore,</span> <span class='ocrx_word' id='word_1_169' title='bbox 1765 2423 1888 2488; x_wconf 90' lang='lat' dir='ltr'>quo</span> <span class='ocrx_word' id='word_1_170' title='bbox 1909 2404 1987 2468; x_wconf 82' lang='lat' dir='ltr'>id</span> <span class='ocrx_word' id='word_1_171' title='bbox 2033 2404 2321 2468; x_wconf 85' lang='lat' dir='ltr'>futurum</span> <span class='ocrx_word' id='word_1_172' title='bbox 2374 2405 2475 2486; x_wconf 86' lang='lat' dir='ltr'>sit,</span> <span class='ocrx_word' id='word_1_173' title='bbox 2525 2403 2796 2469; x_wconf 91' lang='lat' dir='ltr'>minores</span> <span class='ocrx_word' id='word_1_174' title='bbox 2835 2405 2996 2469; x_wconf 90' lang='lat' dir='ltr'>Pro-</span> 
     </span>
     <span class='ocr_line' id='line_1_22' title="bbox 643 2509 2994 2595; baseline 0.001 -21"><span class='ocrx_word' id='word_1_175' title='bbox 643 2509 867 2592; x_wconf 86' lang='lat' dir='ltr'>phetae</span> <span class='ocrx_word' id='word_1_176' title='bbox 914 2510 1317 2594; x_wconf 89' lang='lat' dir='ltr'>potissimum</span> <span class='ocrx_word' id='word_1_177' title='bbox 1366 2513 1580 2594; x_wconf 87' lang='lat' dir='ltr'>agunt.</span> <span class='ocrx_word' id='word_1_178' title='bbox 1653 2511 1720 2575; x_wconf 91' lang='lat' dir='ltr'>Si</span> <span class='ocrx_word' id='word_1_179' title='bbox 1765 2511 1918 2575; x_wconf 88' lang='lat' dir='ltr'>haec</span> <span class='ocrx_word' id='word_1_180' title='bbox 1965 2511 2319 2576; x_wconf 87' lang='lat' dir='ltr'>accuratius</span> <span class='ocrx_word' id='word_1_181' title='bbox 2366 2511 2577 2576; x_wconf 90' lang='lat' dir='ltr'>tecum</span> <span class='ocrx_word' id='word_1_182' title='bbox 2622 2510 2994 2595; x_wconf 84' lang='lat' dir='ltr'>expenderis</span> 
     </span>
     <span class='ocr_line' id='line_1_23' title="bbox 643 2618 2993 2701; baseline 0 -20"><span class='ocrx_word' id='word_1_183' title='bbox 643 2619 707 2682; x_wconf 91' lang='lat' dir='ltr'>et</span> <span class='ocrx_word' id='word_1_184' title='bbox 752 2618 1097 2700; x_wconf 85' lang='lat' dir='ltr'>scripturas</span> <span class='ocrx_word' id='word_1_185' title='bbox 1144 2620 1328 2699; x_wconf 84' lang='lat' dir='ltr'>recte,</span> <span class='ocrx_word' id='word_1_186' title='bbox 1378 2621 1451 2682; x_wconf 90' lang='lat' dir='ltr'>ut</span> <span class='ocrx_word' id='word_1_187' title='bbox 1494 2619 1734 2683; x_wconf 86' lang='lat' dir='ltr'>Paulus</span> <span class='ocrx_word' id='word_1_188' title='bbox 1765 2618 2186 2701; x_wconf 85' lang='lat' dir='ltr'>Tymotheum</span> <span class='ocrx_word' id='word_1_189' title='bbox 2227 2618 2425 2700; x_wconf 90' lang='lat' dir='ltr'>docet,</span> <span class='ocrx_word' id='word_1_190' title='bbox 2476 2618 2747 2683; x_wconf 90' lang='lat' dir='ltr'>secueris</span> <span class='ocrx_word' id='word_1_191' title='bbox 2780 2620 2844 2682; x_wconf 89' lang='lat' dir='ltr'>et</span> <span class='ocrx_word' id='word_1_192' title='bbox 2888 2618 2993 2682; x_wconf 90' lang='lat' dir='ltr'>in-</span> 
     </span>
     <span class='ocr_line' id='line_1_24' title="bbox 642 2722 2992 2807; baseline 0 -20"><span class='ocrx_word' id='word_1_193' title='bbox 642 2722 965 2787; x_wconf 89' lang='lat' dir='ltr'>tellectum</span> <span class='ocrx_word' id='word_1_194' title='bbox 1013 2742 1227 2787; x_wconf 87' lang='lat' dir='ltr'>earum</span> <span class='ocrx_word' id='word_1_195' title='bbox 1274 2743 1311 2788; x_wconf 91' lang='lat' dir='ltr'>a</span> <span class='ocrx_word' id='word_1_196' title='bbox 1353 2725 1482 2789; x_wconf 93' lang='lat' dir='ltr'>Deo</span> <span class='ocrx_word' id='word_1_197' title='bbox 1532 2728 1901 2789; x_wconf 82' lang='lat' dir='ltr'>consecutus</span> <span class='ocrx_word' id='word_1_198' title='bbox 1948 2724 2160 2802; x_wconf 82' lang='lat' dir='ltr'>fueriS,</span> <span class='ocrx_word' id='word_1_199' title='bbox 2227 2724 2412 2789; x_wconf 88' lang='lat' dir='ltr'>facile</span> <span class='ocrx_word' id='word_1_200' title='bbox 2457 2744 2529 2789; x_wconf 88' lang='lat' dir='ltr'>ac</span> <span class='ocrx_word' id='word_1_201' title='bbox 2580 2724 2715 2789; x_wconf 89' lang='lat' dir='ltr'>sine</span> <span class='ocrx_word' id='word_1_202' title='bbox 2760 2744 2992 2807; x_wconf 86' lang='lat' dir='ltr'>magno</span> 
     </span>
     <span class='ocr_line' id='line_1_25' title="bbox 640 2829 2988 2922; baseline 0.001 -30"><span class='ocrx_word' id='word_1_203' title='bbox 640 2829 891 2912; x_wconf 90' lang='lat' dir='ltr'>negotio</span> <span class='ocrx_word' id='word_1_204' title='bbox 938 2829 1278 2913; x_wconf 76' lang='lat' dir='ltr'>intelligeS,</span> <span class='ocrx_word' id='word_1_205' title='bbox 1329 2849 1408 2895; x_wconf 89' lang='lat' dir='ltr'>an</span> <span class='ocrx_word' id='word_1_206' title='bbox 1450 2831 1705 2913; x_wconf 89' lang='lat' dir='ltr'>propria</span> <span class='ocrx_word' id='word_1_207' title='bbox 1747 2831 2122 2922; x_wconf 84' lang='lat' dir='ltr'>auctoritate</span> <span class='ocrx_word' id='word_1_208' title='bbox 2169 2851 2380 2914; x_wconf 88' lang='lat' dir='ltr'>regem</span> <span class='ocrx_word' id='word_1_209' title='bbox 2426 2830 2988 2914; x_wconf 80' lang='lat' dir='ltr'>designaverimus,</span> 
     </span>
     <span class='ocr_line' id='line_1_26' title="bbox 639 2935 2020 3018; baseline 0.003 -21"><span class='ocrx_word' id='word_1_210' title='bbox 639 2953 720 2998; x_wconf 91' lang='lat' dir='ltr'>an</span> <span class='ocrx_word' id='word_1_211' title='bbox 770 2954 806 2998; x_wconf 89' lang='lat' dir='ltr'>a</span> <span class='ocrx_word' id='word_1_212' title='bbox 849 2935 978 2999; x_wconf 93' lang='lat' dir='ltr'>Deo</span> <span class='ocrx_word' id='word_1_213' title='bbox 1026 2936 1565 3018; x_wconf 86' lang='lat' dir='ltr'>praedestinatum</span> <span class='ocrx_word' id='word_1_214' title='bbox 1612 2935 2020 3001; x_wconf 76' lang='lat' dir='ltr'>habeamus‚“</span> 
     </span>
    </p>
   </div>
   <div class='ocr_carea' id='block_1_4' title="bbox 636 3113 1064 3123">
    <p class='ocr_par' dir='ltr' id='par_1_4' title="bbox 636 3113 1064 3123">
     <span class='ocr_line' id='line_1_27' title="bbox 636 3113 1064 3123; baseline 0 1952"><span class='ocrx_word' id='word_1_215' title='bbox 636 3113 1064 3123; x_wconf 95' lang='lat' dir='ltr'> </span> 
     </span>
    </p>
   </div>
   <div class='ocr_carea' id='block_1_5' title="bbox 633 3214 2990 3996">
    <p class='ocr_par' dir='ltr' id='par_1_5' title="bbox 633 3214 2990 3996">
     <span class='ocr_line' id='line_1_28' title="bbox 638 3214 2985 3289; baseline 0.001 -20"><span class='ocrx_word' id='word_1_216' title='bbox 638 3214 721 3284; x_wconf 88' lang='lat' dir='ltr'>de,</span> <span class='ocrx_word' id='word_1_217' title='bbox 760 3214 826 3269; x_wconf 89' lang='lat' dir='ltr'>de</span> <span class='ocrx_word' id='word_1_218' title='bbox 864 3216 978 3270; x_wconf 83' lang='lat' dir='ltr'>sick</span> <span class='ocrx_word' id='word_1_219' title='bbox 1032 3215 1126 3272; x_wconf 89' lang='lat' dir='ltr'>des</span> <span class='ocrx_word' id='word_1_220' title='bbox 1165 3217 1434 3288; x_wconf 84' lang='lat' dir='ltr'>evangelii</span> <span class='ocrx_word' id='word_1_221' title='bbox 1469 3218 1741 3287; x_wconf 89' lang='lat' dir='ltr'>beromen,</span> <span class='ocrx_word' id='word_1_222' title='bbox 1799 3218 1893 3272; x_wconf 88' lang='lat' dir='ltr'>dat</span> <span class='ocrx_word' id='word_1_223' title='bbox 1928 3235 2070 3272; x_wconf 80' lang='lat' dir='ltr'>ware</span> <span class='ocrx_word' id='word_1_224' title='bbox 2109 3219 2448 3288; x_wconf 86' lang='lat' dir='ltr'>evangelium</span> <span class='ocrx_word' id='word_1_225' title='bbox 2503 3217 2616 3273; x_wconf 80' lang='lat' dir='ltr'>also</span> <span class='ocrx_word' id='word_1_226' title='bbox 2654 3217 2985 3289; x_wconf 84' lang='lat' dir='ltr'>versolgen,“</span> 
     </span>
     <span class='ocr_line' id='line_1_29' title="bbox 635 3303 2990 3377; baseline 0.001 -19"><span class='ocrx_word' id='word_1_227' title='bbox 635 3303 805 3359; x_wconf 77' lang='lat' dir='ltr'>heifst</span> <span class='ocrx_word' id='word_1_228' title='bbox 841 3321 896 3359; x_wconf 91' lang='lat' dir='ltr'>es</span> <span class='ocrx_word' id='word_1_229' title='bbox 934 3310 1117 3375; x_wconf 68' lang='lat' dir='ltr'>spater</span> <span class='ocrx_word' id='word_1_230' title='bbox 1152 3308 1354 3360; x_wconf 82' lang='lat' dir='ltr'>weiter.</span> <span class='ocrx_word' id='word_1_231' title='bbox 1433 3306 1578 3374; x_wconf 86' lang='lat' dir='ltr'>„Dat</span> <span class='ocrx_word' id='word_1_232' title='bbox 1613 3307 1681 3360; x_wconf 91' lang='lat' dir='ltr'>de</span> <span class='ocrx_word' id='word_1_233' title='bbox 1717 3308 2063 3377; x_wconf 84' lang='lat' dir='ltr'>papistische,</span> <span class='ocrx_word' id='word_1_234' title='bbox 2119 3307 2206 3362; x_wconf 91' lang='lat' dir='ltr'>die</span> <span class='ocrx_word' id='word_1_235' title='bbox 2242 3307 2428 3362; x_wconf 84' lang='lat' dir='ltr'>rechte</span> <span class='ocrx_word' id='word_1_236' title='bbox 2463 3306 2847 3362; x_wconf 86' lang='lat' dir='ltr'>Babilonische</span> <span class='ocrx_word' id='word_1_237' title='bbox 2883 3323 2990 3361; x_wconf 88' lang='lat' dir='ltr'>uns</span> 
     </span>
     <span class='ocr_line' id='line_1_30' title="bbox 635 3392 2988 3466; baseline 0.001 -20"><span class='ocrx_word' id='word_1_238' title='bbox 635 3395 798 3463; x_wconf 81' lang='lat' dir='ltr'>tegen</span> <span class='ocrx_word' id='word_1_239' title='bbox 837 3392 994 3461; x_wconf 71' lang='lat' dir='ltr'>stan}</span> <span class='ocrx_word' id='word_1_240' title='bbox 1014 3394 1126 3447; x_wconf 87' lang='lat' dir='ltr'>und</span> <span class='ocrx_word' id='word_1_241' title='bbox 1162 3393 1465 3464; x_wconf 84' lang='lat' dir='ltr'>vcrfolgen,</span> <span class='ocrx_word' id='word_1_242' title='bbox 1522 3395 1615 3449; x_wconf 89' lang='lat' dir='ltr'>des</span> <span class='ocrx_word' id='word_1_243' title='bbox 1653 3394 1864 3450; x_wconf 86' lang='lat' dir='ltr'>hebben</span> <span class='ocrx_word' id='word_1_244' title='bbox 1901 3397 1979 3449; x_wconf 88' lang='lat' dir='ltr'>sie</span> <span class='ocrx_word' id='word_1_245' title='bbox 2033 3397 2174 3450; x_wconf 88' lang='lat' dir='ltr'>nach</span> <span class='ocrx_word' id='word_1_246' title='bbox 2227 3398 2363 3450; x_wconf 89' lang='lat' dir='ltr'>irem</span> <span class='ocrx_word' id='word_1_247' title='bbox 2400 3396 2710 3466; x_wconf 85' lang='lat' dir='ltr'>gotzdienst</span> <span class='ocrx_word' id='word_1_248' title='bbox 2762 3393 2988 3449; x_wconf 83' lang='lat' dir='ltr'>rechten</span> 
     </span>
     <span class='ocr_line' id='line_1_31' title="bbox 635 3481 2987 3556; baseline 0 -21"><span class='ocrx_word' id='word_1_249' title='bbox 635 3481 894 3537; x_wconf 83' lang='lat' dir='ltr'>bescheit.</span> <span class='ocrx_word' id='word_1_250' title='bbox 946 3483 1139 3537; x_wconf 81' lang='lat' dir='ltr'>Overst</span> <span class='ocrx_word' id='word_1_251' title='bbox 1175 3482 1273 3537; x_wconf 85' lang='lat' dir='ltr'>dat</span> <span class='ocrx_word' id='word_1_252' title='bbox 1308 3483 1395 3537; x_wconf 88' lang='lat' dir='ltr'>die</span> <span class='ocrx_word' id='word_1_253' title='bbox 1434 3484 1846 3554; x_wconf 86' lang='lat' dir='ltr'>evangelischen</span> <span class='ocrx_word' id='word_1_254' title='bbox 1874 3526 1887 3539; x_wconf 91' lang='lat'>.</span> <span class='ocrx_word' id='word_1_255' title='bbox 1910 3526 1922 3541; x_wconf 92' lang='lat'><strong>.</strong></span> <span class='ocrx_word' id='word_1_256' title='bbox 1946 3527 1959 3541; x_wconf 90' lang='lat'><strong>.</strong></span> <span class='ocrx_word' id='word_1_257' title='bbox 1986 3485 2090 3539; x_wconf 89' lang='lat' dir='ltr'>den</span> <span class='ocrx_word' id='word_1_258' title='bbox 2126 3485 2544 3556; x_wconf 82' lang='lat' dir='ltr'>lugenhaftigen</span> <span class='ocrx_word' id='word_1_259' title='bbox 2581 3484 2832 3538; x_wconf 86' lang='lat' dir='ltr'>Christen</span> <span class='ocrx_word' id='word_1_260' title='bbox 2869 3483 2987 3536; x_wconf 90' lang='lat' dir='ltr'>bei-</span> 
     </span>
     <span class='ocr_line' id='line_1_32' title="bbox 634 3569 2986 3643; baseline 0 -19"><span class='ocrx_word' id='word_1_261' title='bbox 634 3569 820 3639; x_wconf 87' lang='lat' dir='ltr'>fallen,</span> <span class='ocrx_word' id='word_1_262' title='bbox 857 3570 1055 3641; x_wconf 88' lang='lat' dir='ltr'>helpen</span> <span class='ocrx_word' id='word_1_263' title='bbox 1093 3573 1150 3625; x_wconf 91' lang='lat' dir='ltr'>in</span> <span class='ocrx_word' id='word_1_264' title='bbox 1186 3573 1305 3626; x_wconf 88' lang='lat' dir='ltr'>iren</span> <span class='ocrx_word' id='word_1_265' title='bbox 1341 3573 1727 3643; x_wconf 88' lang='lat' dir='ltr'>leidtprecken,</span> <span class='ocrx_word' id='word_1_266' title='bbox 1764 3573 1927 3642; x_wconf 83' lang='lat' dir='ltr'>lever,</span> <span class='ocrx_word' id='word_1_267' title='bbox 1963 3591 2044 3628; x_wconf 80' lang='lat' dir='ltr'>we</span> <span class='ocrx_word' id='word_1_268' title='bbox 2070 3574 2227 3628; x_wconf 88' lang='lat' dir='ltr'>mach</span> <span class='ocrx_word' id='word_1_269' title='bbox 2267 3573 2466 3629; x_wconf 87' lang='lat' dir='ltr'>sodane</span> <span class='ocrx_word' id='word_1_270' title='bbox 2491 3571 2986 3628; x_wconf 85' lang='lat' dir='ltr'>unbescheidenne·</span> 
     </span>
     <span class='ocr_line' id='line_1_33' title="bbox 633 3658 2984 3730; baseline 0.001 -18"><span class='ocrx_word' id='word_1_271' title='bbox 633 3658 753 3712; x_wconf 86' lang='lat' dir='ltr'>heit</span> <span class='ocrx_word' id='word_1_272' title='bbox 787 3658 1111 3728; x_wconf 88' lang='lat' dir='ltr'>genochsam</span> <span class='ocrx_word' id='word_1_273' title='bbox 1148 3661 1535 3730; x_wconf 76' lang='lat' dir='ltr'>utsprecken?“</span> <span class='ocrx_word' id='word_1_274' title='bbox 1565 3689 1635 3700; x_wconf 93' lang='lat'>—</span> <span class='ocrx_word' id='word_1_275' title='bbox 1659 3660 1814 3715; x_wconf 88' lang='lat' dir='ltr'>Auch</span> <span class='ocrx_word' id='word_1_276' title='bbox 1851 3661 1908 3714; x_wconf 88' lang='lat' dir='ltr'>in</span> <span class='ocrx_word' id='word_1_277' title='bbox 1933 3661 2135 3715; x_wconf 87' lang='lat' dir='ltr'>diesem</span> <span class='ocrx_word' id='word_1_278' title='bbox 2158 3662 2341 3716; x_wconf 84' lang='lat' dir='ltr'>Briefe</span> <span class='ocrx_word' id='word_1_279' title='bbox 2379 3662 2595 3716; x_wconf 82' lang='lat' dir='ltr'>sordem</span> <span class='ocrx_word' id='word_1_280' title='bbox 2629 3662 2717 3717; x_wconf 92' lang='lat' dir='ltr'>die</span> <span class='ocrx_word' id='word_1_281' title='bbox 2743 3660 2984 3714; x_wconf 86' lang='lat' dir='ltr'>Wieder-</span> 
     </span>
     <span class='ocr_line' id='line_1_34' title="bbox 633 3747 2984 3822; baseline 0.001 -22"><span class='ocrx_word' id='word_1_282' title='bbox 633 3747 815 3801; x_wconf 66' lang='lat' dir='ltr'>taufer</span> <span class='ocrx_word' id='word_1_283' title='bbox 848 3747 1181 3816; x_wconf 83' lang='lat' dir='ltr'>wiederholt,</span> <span class='ocrx_word' id='word_1_284' title='bbox 1222 3765 1343 3803; x_wconf 90' lang='lat' dir='ltr'>zum</span> <span class='ocrx_word' id='word_1_285' title='bbox 1378 3749 1616 3804; x_wconf 72' lang='lat' dir='ltr'>Vei-hore</span> <span class='ocrx_word' id='word_1_286' title='bbox 1655 3749 1970 3820; x_wconf 84' lang='lat' dir='ltr'>zugelassen</span> <span class='ocrx_word' id='word_1_287' title='bbox 2010 3767 2074 3804; x_wconf 89' lang='lat' dir='ltr'>zu</span> <span class='ocrx_word' id='word_1_288' title='bbox 2110 3751 2339 3819; x_wconf 81' lang='lat' dir='ltr'>werden,</span> <span class='ocrx_word' id='word_1_289' title='bbox 2378 3752 2553 3822; x_wconf 87' lang='lat' dir='ltr'>geben</span> <span class='ocrx_word' id='word_1_290' title='bbox 2589 3751 2747 3805; x_wconf 85' lang='lat' dir='ltr'>keine</span> <span class='ocrx_word' id='word_1_291' title='bbox 2771 3750 2984 3805; x_wconf 82' lang='lat' dir='ltr'>Vertei-</span> 
     </span>
     <span class='ocr_line' id='line_1_35' title="bbox 634 3834 2984 3909; baseline 0.001 -21"><span class='ocrx_word' id='word_1_292' title='bbox 634 3834 844 3906; x_wconf 89' lang='lat' dir='ltr'>digung</span> <span class='ocrx_word' id='word_1_293' title='bbox 879 3853 1054 3906; x_wconf 88' lang='lat' dir='ltr'>gegen</span> <span class='ocrx_word' id='word_1_294' title='bbox 1091 3836 1179 3890; x_wconf 89' lang='lat' dir='ltr'>die</span> <span class='ocrx_word' id='word_1_295' title='bbox 1215 3837 1379 3891; x_wconf 83' lang='lat' dir='ltr'>wider</span> <span class='ocrx_word' id='word_1_296' title='bbox 1404 3838 1482 3891; x_wconf 88' lang='lat' dir='ltr'>sie</span> <span class='ocrx_word' id='word_1_297' title='bbox 1520 3838 1823 3892; x_wconf 89' lang='lat' dir='ltr'>erhobenen</span> <span class='ocrx_word' id='word_1_298' title='bbox 1846 3837 2382 3909; x_wconf 84' lang='lat' dir='ltr'>Ansehuldigungen,</span> <span class='ocrx_word' id='word_1_299' title='bbox 2421 3839 2622 3894; x_wconf 85' lang='lat' dir='ltr'>senden</span> <span class='ocrx_word' id='word_1_300' title='bbox 2652 3838 2853 3909; x_wconf 88' lang='lat' dir='ltr'>jedoch</span> <span class='ocrx_word' id='word_1_301' title='bbox 2891 3854 2984 3892; x_wconf 85' lang='lat' dir='ltr'>zu·</span> 
     </span>
     <span class='ocr_line' id='line_1_36' title="bbox 635 3923 2985 3996; baseline 0.002 -19"><span class='ocrx_word' id='word_1_302' title='bbox 635 3923 813 3994; x_wconf 87' lang='lat' dir='ltr'>gleich</span> <span class='ocrx_word' id='word_1_303' title='bbox 839 3924 926 3978; x_wconf 91' lang='lat' dir='ltr'>die</span> <span class='ocrx_word' id='word_1_304' title='bbox 951 3924 1407 3979; x_wconf 84' lang='lat' dir='ltr'>Rothmann’sche</span> <span class='ocrx_word' id='word_1_305' title='bbox 1431 3925 1829 3992; x_wconf 83' lang='lat' dir='ltr'>„Restitutiou“</span> <span class='ocrx_word' id='word_1_306' title='bbox 1859 3925 1980 3979; x_wconf 89' lang='lat' dir='ltr'>dem</span> <span class='ocrx_word' id='word_1_307' title='bbox 1999 3926 2345 3996; x_wconf 82' lang='lat' dir='ltr'>Landgrafen</span> <span class='ocrx_word' id='word_1_308' title='bbox 2366 3928 2470 3983; x_wconf 89' lang='lat' dir='ltr'>ein.</span> <span class='ocrx_word' id='word_1_309' title='bbox 2510 3928 2563 3982; x_wconf 91' lang='lat' dir='ltr'>S.</span> <span class='ocrx_word' id='word_1_310' title='bbox 2583 3929 2770 3982; x_wconf 82' lang='lat' dir='ltr'>weiter</span> <span class='ocrx_word' id='word_1_311' title='bbox 2793 3930 2985 3982; x_wconf 85' lang='lat' dir='ltr'>unten.</span> 
     </span>
    </p>
   </div>
   <div class='ocr_carea' id='block_1_6' title="bbox 631 4030 2984 4457">
    <p class='ocr_par' dir='ltr' id='par_1_6' title="bbox 631 4030 2984 4366">
     <span class='ocr_line' id='line_1_37' title="bbox 847 4030 2984 4102; baseline 0.001 -18"><span class='ocrx_word' id='word_1_312' title='bbox 847 4030 890 4097; x_wconf 84' lang='lat'>¹)</span> <span class='ocrx_word' id='word_1_313' title='bbox 930 4030 1120 4085; x_wconf 88' lang='lat' dir='ltr'>Genau</span> <span class='ocrx_word' id='word_1_314' title='bbox 1156 4047 1255 4085; x_wconf 86' lang='lat' dir='ltr'>aus</span> <span class='ocrx_word' id='word_1_315' title='bbox 1308 4031 1459 4086; x_wconf 85' lang='lat' dir='ltr'>Ant.</span> <span class='ocrx_word' id='word_1_316' title='bbox 1497 4030 1755 4086; x_wconf 84' lang='lat' dir='ltr'>Corvin</span> <span class='ocrx_word' id='word_1_317' title='bbox 1795 4048 1843 4087; x_wconf 88' lang='lat' dir='ltr'>a.</span> <span class='ocrx_word' id='word_1_318' title='bbox 1871 4048 1919 4086; x_wconf 86' lang='lat' dir='ltr'>a.</span> <span class='ocrx_word' id='word_1_319' title='bbox 1947 4032 2028 4102; x_wconf 88' lang='lat' dir='ltr'>O.,</span> <span class='ocrx_word' id='word_1_320' title='bbox 2084 4031 2207 4087; x_wconf 92' lang='lat' dir='ltr'>dem</span> <span class='ocrx_word' id='word_1_321' title='bbox 2242 4033 2424 4090; x_wconf 84' lang='lat' dir='ltr'>Kerss.</span> <span class='ocrx_word' id='word_1_322' title='bbox 2463 4033 2602 4087; x_wconf 85' lang='lat' dir='ltr'>auch</span> <span class='ocrx_word' id='word_1_323' title='bbox 2658 4033 2747 4087; x_wconf 88' lang='lat' dir='ltr'>die</span> <span class='ocrx_word' id='word_1_324' title='bbox 2801 4031 2984 4102; x_wconf 82' lang='lat' dir='ltr'>gleich</span> 
     </span>
     <span class='ocr_line' id='line_1_38' title="bbox 635 4118 2984 4190; baseline 0.001 -18"><span class='ocrx_word' id='word_1_325' title='bbox 635 4118 886 4190; x_wconf 82' lang='lat' dir='ltr'>folgeude</span> <span class='ocrx_word' id='word_1_326' title='bbox 923 4118 1094 4174; x_wconf 88' lang='lat' dir='ltr'>Stelle</span> <span class='ocrx_word' id='word_1_327' title='bbox 1131 4136 1229 4174; x_wconf 86' lang='lat' dir='ltr'>aus</span> <span class='ocrx_word' id='word_1_328' title='bbox 1267 4121 1389 4174; x_wconf 88' lang='lat' dir='ltr'>dem</span> <span class='ocrx_word' id='word_1_329' title='bbox 1424 4120 1607 4174; x_wconf 90' lang='lat' dir='ltr'>Briefe</span> <span class='ocrx_word' id='word_1_330' title='bbox 1645 4120 1741 4174; x_wconf 90' lang='lat' dir='ltr'>der</span> <span class='ocrx_word' id='word_1_331' title='bbox 1773 4120 2081 4175; x_wconf 84' lang='lat' dir='ltr'>Miinsterer</span> <span class='ocrx_word' id='word_1_332' title='bbox 2117 4123 2421 4177; x_wconf 83' lang='lat' dir='ltr'>entnimmt.</span> <span class='ocrx_word' id='word_1_333' title='bbox 2494 4120 2649 4177; x_wconf 85' lang='lat' dir='ltr'>Auch</span> <span class='ocrx_word' id='word_1_334' title='bbox 2685 4120 2751 4176; x_wconf 82' lang='lat' dir='ltr'>A.</span> <span class='ocrx_word' id='word_1_335' title='bbox 2784 4120 2984 4175; x_wconf 82' lang='lat' dir='ltr'>Corvin</span> 
     </span>
     <span class='ocr_line' id='line_1_39' title="bbox 634 4207 2984 4281; baseline 0.001 -21"><span class='ocrx_word' id='word_1_336' title='bbox 634 4207 816 4261; x_wconf 85' lang='lat' dir='ltr'>citiert</span> <span class='ocrx_word' id='word_1_337' title='bbox 851 4208 1049 4263; x_wconf 84' lang='lat' dir='ltr'>Nichts</span> <span class='ocrx_word' id='word_1_338' title='bbox 1084 4211 1273 4263; x_wconf 83' lang='lat' dir='ltr'>weiter</span> <span class='ocrx_word' id='word_1_339' title='bbox 1309 4209 1523 4265; x_wconf 87' lang='lat' dir='ltr'>daraus.</span> <span class='ocrx_word' id='word_1_340' title='bbox 1581 4210 1741 4264; x_wconf 87' lang='lat' dir='ltr'>Seine</span> <span class='ocrx_word' id='word_1_341' title='bbox 1769 4208 2124 4281; x_wconf 86' lang='lat' dir='ltr'>Wiedergabe</span> <span class='ocrx_word' id='word_1_342' title='bbox 2161 4211 2373 4265; x_wconf 83' lang='lat' dir='ltr'>stimmt</span> <span class='ocrx_word' id='word_1_343' title='bbox 2408 4212 2510 4266; x_wconf 87' lang='lat' dir='ltr'>mit</span> <span class='ocrx_word' id='word_1_344' title='bbox 2533 4210 2658 4265; x_wconf 90' lang='lat' dir='ltr'>dem</span> <span class='ocrx_word' id='word_1_345' title='bbox 2680 4210 2848 4265; x_wconf 82' lang='lat' dir='ltr'>Texte</span> <span class='ocrx_word' id='word_1_346' title='bbox 2886 4209 2984 4263; x_wconf 82' lang='lat' dir='ltr'>des</span> 
     </span>
     <span class='ocr_line' id='line_1_40' title="bbox 631 4293 1464 4366; baseline 0.006 -19"><span class='ocrx_word' id='word_1_347' title='bbox 631 4293 840 4349; x_wconf 82' lang='lat' dir='ltr'>Briefes</span> <span class='ocrx_word' id='word_1_348' title='bbox 876 4296 950 4350; x_wconf 83' lang='lat' dir='ltr'>M.</span> <span class='ocrx_word' id='word_1_349' title='bbox 990 4295 1147 4362; x_wconf 56' lang='grc' dir='ltr'><strong>(αἶ-Ω.</strong></span> <span class='ocrx_word' id='word_1_350' title='bbox 1184 4296 1262 4366; x_wconf 89' lang='lat' dir='ltr'>H,</span> <span class='ocrx_word' id='word_1_351' title='bbox 1299 4297 1464 4352; x_wconf 84' lang='lat' dir='ltr'><strong>301f.</strong></span> 
     </span>
    </p>

    <p class='ocr_par' dir='ltr' id='par_1_7' title="bbox 846 4381 2587 4457">
     <span class='ocr_line' id='line_1_41' title="bbox 846 4381 2587 4457; baseline 0.003 -20"><span class='ocrx_word' id='word_1_352' title='bbox 846 4381 890 4453; x_wconf 77' lang='lat'>²)</span> <span class='ocrx_word' id='word_1_353' title='bbox 926 4384 1124 4439; x_wconf 81' lang='lat' dir='ltr'>Matth.</span> <span class='ocrx_word' id='word_1_354' title='bbox 1163 4385 1215 4454; x_wconf 84' lang='lat'>5,</span> <span class='ocrx_word' id='word_1_355' title='bbox 1260 4386 1350 4451; x_wconf 85' lang='lat'>18;</span> <span class='ocrx_word' id='word_1_356' title='bbox 1389 4386 1518 4440; x_wconf 88' lang='lat' dir='ltr'>Luc.</span> <span class='ocrx_word' id='word_1_357' title='bbox 1560 4386 1643 4456; x_wconf 84' lang='lat'>16,</span> <span class='ocrx_word' id='word_1_358' title='bbox 1688 4387 1769 4441; x_wconf 80' lang='lat'>17.</span> <span class='ocrx_word' id='word_1_359' title='bbox 1821 4415 1890 4426; x_wconf 92' lang='lat'>—</span> <span class='ocrx_word' id='word_1_360' title='bbox 1944 4385 1988 4455; x_wconf 74' lang='grc'>8)</span> <span class='ocrx_word' id='word_1_361' title='bbox 2025 4386 2146 4442; x_wconf 83' lang='lat' dir='ltr'>Act.</span> <span class='ocrx_word' id='word_1_362' title='bbox 2183 4387 2372 4457; x_wconf 81' lang='lat' dir='ltr'>Apost.</span> <span class='ocrx_word' id='word_1_363' title='bbox 2409 4387 2460 4455; x_wconf 88' lang='lat'>3,</span> <span class='ocrx_word' id='word_1_364' title='bbox 2498 4387 2587 4443; x_wconf 81' lang='lat'>21.</span> 
     </span>
    </p>
   </div>
  </div>
 </body>
</html>
