3259 5075
1220 295 1404 360 Anno
1457 295 1629 360 1534
1675 296 1832 360 acta.
2567 292 2698 358 589

343 491 520 537 rasae
565 473 789 537 turbae
833 471 1179 553 ministroS‚
1230 490 1438 536 servos
1487 471 1793 536 scelerum
1842 472 1989 551 etc.;
2050 468 2152 533 illi
2196 488 2230 533 e
2277 469 2520 533 diverso
2568 469 2696 534 cla-

342 579 606 644 mitant:
660 579 907 661 „Pater,
958 577 1220 660 spiritus
1253 597 1430 642 meus
1477 577 1722 660 appetit
1767 596 2018 641 carnem
2051 578 2227 640 tuam
2246 576 2301 641 !“
2368 575 2698 639 Interdum

340 685 602 751 nudatis
675 684 932 750 natibus
1001 684 1349 768 posteriora
1412 685 1730 748 ostentant
1749 687 1789 747 ¹.
1883 683 1956 747 Id
2005 702 2150 747 cum
2211 682 2472 767 quidam
2542 701 2697 765 puer

342 792 561 857 eodem
607 791 736 856 fere
783 809 1028 874 semper
1072 790 1140 854 111
1186 790 1321 855 1000
1356 790 1573 855 crebro
1619 789 1870 871 faceret,
1920 788 2218 871 oppidani
2267 789 2570 872 disposito
2618 788 2698 853 ad

339 917 490 963 eum
538 896 749 962 locum
779 898 1091 962 tormento
1138 916 1407 980 puerum
1452 896 1545 961 ita
1572 895 1923 978 traiiciunt,
1975 897 2047 960 ut
2075 897 2360 961 membra
2391 896 2699 978 dissipata

339 1006 408 1069 et
438 1023 553 1087 per
582 1022 762 1087 agros
795 1002 1034 1085 passim
1064 1002 1328 1067 disiecta
1357 1021 1482 1066 non
1514 1002 1794 1085 reperiri,
1837 1001 2069 1065 nedum
2102 1001 2320 1084 colligi
2353 1001 2692 1085 potuerint.

411 1123 418 1130 ·
559 1111 729 1174 Dum
760 1110 913 1174 haec
949 1111 1243 1192 aguntur,
1291 1108 1596 1173 vimineas
1629 1110 1849 1190 crates,
1899 1108 2133 1191 quibus
2166 1107 2441 1192 Alpham
2472 1107 2696 1172 castris

342 1216 793 1282 intel-luentem
826 1214 1172 1298 suppositis
1204 1215 1496 1280 trabibus
1541 1214 1779 1297 passim
1810 1215 2229 1295 committant,
2280 1217 2419 1280 octo
2465 1213 2697 1297 pedum

339 1322 413 1386 in
459 1321 890 1402 latitudinem,
940 1321 1270 1386 duodecim
1313 1340 1458 1386 vero
1504 1321 1575 1385 in
1642 1320 2135 1404 longitudinem,
2208 1339 2281 1385 ac
2326 1321 2541 1385 corbes
2588 1338 2699 1385 seu

342 1447 557 1513 gerras
603 1428 901 1493 adversus
969 1429 1285 1493 tormenta
1331 1427 1722 1493 obiectacula
1765 1427 1946 1492 iussu
2016 1425 2328 1509 principis
2397 1426 2699 1509 praefecti

341 1534 616 1599 militiae
674 1534 743 1598 in
788 1533 1000 1617 Aprili
1068 1536 1293 1598 texunt
1337 1536 1403 1599 et
1447 1553 1749 1618 magnum
1814 1533 2315 1614 carrucularum,
2384 1531 2694 1616 palatum,

343 1639 780 1723 harpagonum
826 1640 891 1703 et
931 1640 1310 1703 uncatarum
1343 1640 1656 1704 scalarum
1687 1658 2022 1704 numerum
2052 1640 2131 1704 ad
2165 1638 2696 1723 oppugnationem

343 1747 629 1813 futuram
677 1748 1059 1830 comparant.
1115 1745 1448 1810 Ruricolae
1496 1765 1740 1829 quoque
1770 1745 2036 1810 fossores
2083 1745 2458 1829 agminatim
2489 1747 2696 1810 castra

340 1852 674 1918 muniendi
705 1872 894 1918 causa
937 1871 1050 1935 per
1093 1852 1260 1917 vices
1292 1855 1700 1917 accersuntur
1720 1853 1770 1933 ’ς
1818 1851 1932 1916 alii
1961 1868 2035 1916 ex
2072 1850 2175 1915 his
2207 1849 2442 1917 detrita
2471 1850 2694 1936 *plau-
2720 1865 2818 1937 *μ
2853 1865 2984 1923 496.

342 1961 479 2025 stra
525 1959 828 2024 stramine
873 1960 939 2023 et
983 1959 1175 2040 erica,
1248 1958 1361 2023 alii
1406 1978 1549 2023 vero
1609 1958 1892 2023 firmiora
1959 1958 2236 2023 fascibus
2285 1960 2349 2023 et
2391 1958 2693 2043 virgultis

343 2066 598 2131 onerata
641 2065 949 2130 adducere
992 2064 1312 2145 iubentur,
1361 2064 1432 2129 hi
1461 2066 1537 2129 ut
1582 2064 1842 2129 deiectis
1888 2063 2164 2130 fascibus
2211 2084 2433 2130 currus
2482 2084 2694 2131 secum

341 2170 665 2254 reducant,
704 2170 807 2234 illi
838 2172 1050 2235 autem
1079 2171 1157 2234 ut
1199 2169 1370 2252 ipsos
1403 2189 1548 2234 cum
1579 2170 1874 2235 oneribus
1905 2169 1974 2234 in
2006 2169 2230 2235 castris
2263 2169 2627 2254 relinquant
2645 2172 2688 2236 ³.
2786 2205 2791 2210 ,

557 2276 857 2360 Princeps
905 2278 1242 2360 praeterea,
1289 2277 1364 2341 ut
1392 2275 1692 2341 militaris
1724 2276 2063 2360 disciplina
2106 2277 2171 2340 in
2207 2276 2429 2342 castris
2460 2276 2690 2360 vigeat,

341 2385 406 2448 3.
456 2383 612 2447 Maii
658 2383 925 2466 satrapis
972 2384 1038 2447 et
1082 2381 1414 2466 praefectis
1472 2401 1585 2465 per
1628 2383 1831 2447 totam
1877 2380 2211 2447 dioecesim
2258 2380 2464 2447 edicto
2510 2400 2689 2465 prae-
2719 2400 2761 2440 s.
2790 2395 2908 2439 11111.

341 2488 520 2572 cipit,
571 2490 646 2553 ut
687 2487 925 2553 milites
972 2487 1107 2554 sine
1140 2486 1376 2552 ducum
1421 2505 1680 2553 suorum
1728 2490 2078 2554 commeatu
2123 2488 2306 2574 signa
2340 2488 2691 2556 deserentes

341 2598 410 2661 et
476 2595 892 2660 defectionem
957 2594 1288 2659 molientes
1363 2596 1666 2677 tanquam
1732 2593 2092 2678 transfugas
2160 2595 2571 2679 intercipiant
2627 2598 2692 2660 et

341 2705 558 2785 captos
605 2721 838 2786 poenae
869 2703 1188 2766 reservent
1232 2702 1418 2785 atque
1449 2700 1542 2766 ita
1571 2700 1820 2767 viarum
1866 2702 2174 2767 rationem
2206 2702 2692 2785 circumquaque

337 2808 643 2891 habeant,
693 2828 770 2873 ne
815 2807 998 2874 miles
1062 2828 1186 2873 non
1233 2811 1594 2873 auctoratus
1642 2810 1707 2873 et
1751 2809 1820 2874 in
1865 2809 2150 2874 militum
2212 2828 2547 2874 numerum
2592 2829 2691 2874 as-

341 2914 617 2995 scriptus
667 2914 802 2978 sine
848 2912 972 2978 fide
1017 2914 1276 2998 publica
1317 2913 1388 2977 in
1432 2916 1640 2978 castra
1684 2933 2028 2980 commeare
2072 2915 2481 3000 permittatur
2497 2918 2542 2980 ⁴.

555 3020 711 3085 Inde
740 3020 1272 3102 BastwilhelmuS,
1314 3019 1844 3085 infumibulorum
1876 3039 2069 3104 rasor,
2106 3041 2249 3086 cum
2282 3022 2450 3087 inter
2478 3023 2691 3105 portas

339 3127 771 3192 Horsthanam
816 3129 882 3192 et
927 3126 1378 3192 Mauritianam
1423 3127 1492 3191 in
1534 3127 1674 3191 loco
1718 3127 1873 3191 valli
1932 3127 2057 3191 sibi
2104 3146 2140 3192 a
2184 3127 2451 3192 militiae
2511 3146 2691 3211 prae-

338 3232 524 3298 fectis
573 3234 892 3317 assignato
938 3233 1190 3318 vigilias
1259 3235 1599 3298 nocturnas
1646 3235 1876 3316 ageret,
1941 3233 2155 3298 subita
2197 3232 2437 3299 visione
2482 3236 2546 3299 et
2589 3232 2690 3298 in-

339 3339 579 3405 usitata
625 3359 774 3405 voce
844 3339 1148 3405 excitatus
1195 3341 1384 3425 atque
1443 3340 1759 3405 animatus
1805 3341 1928 3423 est,
2000 3342 2075 3405 ut
2118 3339 2459 3424 impiorum
2503 3341 2692 3405 urbes

563 3570 603 3639 ¹)
641 3570 855 3625 Ebcnso
891 3569 1035 3624 Joh.
1072 3569 1433 3623 Fabricius
1465 3568 1819 3624 Bolandus
1855 3569 1940 3624 Bl.
1979 3570 2123 3625 L3v.

558 3655 605 3724 ²)
642 3657 755 3711 Der
777 3657 973 3712 Befehl
997 3657 1092 3711 des
1115 3656 1365 3712 Bischofs
1403 3657 1556 3712 stiess
1581 3659 1671 3712 bei
1697 3658 1802 3712 den
1826 3659 2043 3712 Bauern
2081 3657 2182 3712 auf
2211 3658 2457 3728 heftigen
2483 3656 2693 3711 Wider-

339 3745 520 3801 stand.
574 3745 982 3816 Infolgedessen
1022 3746 1246 3800 ordnete
1282 3746 1379 3800 der
1412 3746 1640 3801 Bischof
1671 3747 1729 3800 in
1767 3748 1942 3801 einem
1979 3746 2157 3800 Erlass
2195 3763 2265 3801 an
2302 3746 2389 3801 die
2413 3746 2694 3801 Amtleute

336 3851 464 3889 vom
491 3834 750 3904 11.April
787 3850 885 3888 aus
906 3834 1163 3889 Wolbeck
1198 3851 1287 3902 an,
1324 3834 1444 3889 dass
1462 3834 1643 3903 seder,
1682 3836 1778 3889 der
1801 3835 1917 3889 sich
1953 3835 2109 3889 nicht
2145 3851 2209 3889 zu
2236 3834 2692 3889 Schauzarbeiten

336 3938 435 3975 vor
471 3922 717 3976 Miinster
754 3921 1041 3976 einstellen
1077 3921 1251 3990 wolle,
1288 3922 1560 3976 verhaftet
1595 3922 1809 3977 werden
1846 3923 1996 3978 solle.
2070 3923 2173 3976 Am
2214 3924 2296 3976 15.
2333 3921 2488 3992 April
2525 3922 2694 3976 sehon

337 4009 515 4082 folgte
554 4011 642 4064 ein
680 4010 1041 4080 abermaliger
1076 4010 1516 4080 dahingehender
1551 4011 1731 4066 Erlass
1771 4011 2072 4082 (Konzepte
2107 4013 2184 4064 im
2220 4009 2391 4066 St.-A.
2428 4010 2547 4076 M.).

556 4097 601 4167 ⁸)
637 4098 823 4168 Vei-gl.
862 4098 1000 4152 dazu
1049 4098 1146 4153 das
1182 4098 1532 4153 bischofliche
1569 4098 1862 4153 Schreiben
1900 4116 1972 4153 an
2009 4099 2097 4153 die
2132 4098 2410 4154 Amtleute
2446 4115 2567 4153 vom
2604 4099 2690 4151 20.

333 4184 494 4258 April
534 4202 631 4240 aus
670 4186 928 4241 Wolbeck
968 4187 1239 4257 (Konzept
1273 4188 1349 4241 im
1386 4187 1558 4241 Sa-A.
1596 4187 1716 4255 lm).

555 4274 599 4342 ⁴)
637 4275 886 4345 Konzept
923 4276 1071 4330 eines
1126 4275 1590 4330 dahinlautenden
1625 4274 1879 4330 Befehles
1916 4275 2011 4330 des
2047 4275 2295 4331 Bischofs
2330 4292 2452 4330 vom
2490 4278 2539 4330 2.
2577 4276 2691 4330 Mai

333 4363 417 4417 im
453 4362 626 4419 St.-A.
661 4363 736 4419 M.
