3259 5075
604 277 735 341 638
1466 275 1649 343 Anno
1703 278 1874 342 1534
1916 278 2074 342 acta.

595 453 668 517 et
712 451 1111 517 auditoribus
1157 452 1478 517 horrorem
1522 451 1984 518 incutientibus
2030 453 2203 537 ipsos
2258 455 2648 536 compescuit
2697 454 2957 536 „Phie,“

602 558 927 642 inquiens,
1003 558 1618 640 „obmurmuratisne
1687 578 1796 624 vos
1865 559 2073 624 Patris
2143 559 2431 625 coelestis
2509 558 2964 643 dispositioni?

604 664 874 729 Etiamsi
922 669 1135 729 o'mnes
1182 664 1248 728 in
1293 683 1495 728 unum
1541 665 1798 729 conflati
1843 664 2003 729 mihi
2073 665 2467 747 restiterim,
2539 665 2962 732 nihilominus

596 771 816 834 *tamen
862 768 1040 834 vobis
1086 768 1305 834 invitis
1353 788 1479 834 non
1525 770 1731 834 solum
1776 770 1927 834 huic
1959 769 2121 851 urbi,
2172 769 2278 835 sed
2326 771 2450 835 toti
2496 770 2731 837 mundo
2773 773 2965 838 Patre

606 875 698 939 sic
727 875 975 940 volente
1021 875 1408 956 dominabor,
1458 894 1792 959 meumque
1836 895 2103 959 regnum
2149 876 2255 940 hic
2287 878 2580 959 coeptum
2614 877 2751 943 sine
2797 879 2966 943 inte-

606 981 739 1046 ritu
798 981 1294 1065 perseverabit!“
1390 982 1561 1047 Haec
1607 981 1720 1046 ubi
1766 980 2052 1065 dixisset,
2124 1001 2353 1066 magna
2394 984 2472 1049 fit
2513 984 2739 1068 populi
2784 986 2965 1049 tran-

600 1087 914 1171 quillitaS,
963 1106 1077 1152 nec
1124 1087 1456 1171 quisquam
1493 1089 1712 1153 contra
1757 1088 1909 1152 haec
1941 1088 2107 1171 regis
2154 1089 2440 1154 tonitrua
2483 1090 2719 1155 mutire
2751 1090 2961 1156 audet.

606 1195 937 1260 Praeterea
995 1195 1302 1278 propheta
1346 1197 1411 1260 et
1454 1194 1688 1279 reliqui
1733 1195 2197 1261 concionatores
2243 1198 2452 1262 totum
2510 1196 2804 1261 triduum
2848 1216 2965 1280 po-

606 1301 833 1385 pulum
878 1300 1106 1366 docent
1164 1300 1547 1366 Hieremiam
1595 1321 1728 1384 cap.
1780 1303 1865 1366 23
1885 1304 1908 1341 ¹
1955 1304 2019 1367 et
2079 1302 2473 1367 Ezechielem
2523 1322 2656 1384 cap.
2708 1304 2793 1368 37
2817 1304 2843 1343 ²
2886 1303 2965 1367 de

606 1408 728 1472 hoc
772 1408 1006 1491 populo
1052 1407 1401 1472 Israelitico
1447 1408 1647 1491 deque
1693 1407 1812 1472 hoc
1843 1426 1988 1491 rege
2035 1427 2147 1472 suo
2180 1409 2349 1473 iusto
2396 1408 2776 1473 vaticinatos
2809 1426 2964 1491 esse,

609 1513 722 1578 ubi
784 1512 1087 1597 quicquid
1154 1514 1495 1597 prophetae
1564 1514 1856 1578 scribunt
1900 1513 1977 1577 de
2022 1513 2312 1596 reliquiis
2381 1513 2662 1578 filiorum
2722 1512 2968 1578 Israhel

609 1618 908 1701 dispersis
976 1620 1165 1703 atque
1211 1619 1287 1683 de
1332 1617 1558 1682 iisdem
1604 1619 1672 1683 in
1719 1638 1922 1683 unum
1989 1618 2201 1683 locum
2248 1618 2721 1703 congregandiS,
2775 1619 2851 1683 de
2902 1638 2968 1684 se

604 1723 738 1788 dici
782 1723 1294 1807 interpretantur,
1345 1726 1409 1790 et
1454 1724 1756 1809 quicquid
1802 1724 1877 1789 de
1908 1724 2116 1789 David
2162 1743 2303 1808 rege
2352 1725 2520 1790 iusto
2555 1745 2593 1789 a
2620 1727 2753 1791 Deo
2800 1724 2967 1789 exci-

606 1830 800 1896 tando
845 1829 912 1894 in
959 1831 1294 1914 postremis
1363 1831 1754 1914 temporibus
1820 1830 2077 1913 dicitur,
2129 1831 2205 1896 de
2249 1831 2370 1895 hoc
2418 1849 2529 1895 suo
2578 1850 2722 1914 rege
2770 1829 2968 1895 scribi

606 1936 842 2019 populo
886 1936 1286 2020 persuadent.
1380 1937 1466 2002 Et
1517 1939 1617 2002 13.
1661 1937 1910 2019 capite-⁰³
1957 1937 2036 2000 ad
2081 1938 2392 2002 Romanos
2439 1935 2701 2001 recitato
2752 1955 2967 2001 omnes

606 2041 690 2106 ad
736 2042 1157 2107 obedientiam
1201 2043 1478 2126 graviter
1525 2043 1861 2108 hortantur
1877 2045 1921 2108 ⁴.
2002 2043 2272 2128 Ideoque
2328 2043 2457 2107 iam
2500 2043 2716 2125 ipsum
2762 2043 2968 2126 magis

609 2148 970 2230 suspiciunt
1016 2150 1079 2212 et
1124 2151 1515 2214 venerantur.

823 2255 967 2318 Mox
1013 2254 1321 2337 propheta
1374 2254 1871 2337 Dusentschuer,
1924 2257 1988 2320 et
2034 2257 2108 2320 ut
2151 2275 2364 2339 regem
2411 2254 2740 2320 dominum
2786 2255 2967 2319 urbis

609 2359 803 2424 faciat
836 2362 899 2424 et
945 2359 1345 2424 subditorum
1391 2360 1630 2425 animos
1678 2360 1938 2425 effrenes
1970 2361 2199 2426 ablatis
2246 2360 2636 2425 indumentis
2671 2363 2735 2426 et
2780 2361 2963 2444 cibis,

605 2484 881 2550 quorum
927 2467 1240 2549 superfluo
1272 2485 1394 2531 usu
1437 2465 1913 2550 insolescebant‚
1962 2466 2230 2551 frangat,
2280 2486 2357 2531 ne
2390 2466 2547 2551 quid
2591 2467 2725 2532 illis
2772 2468 2970 2532 relin-

611 2574 863 2656 quatur,
913 2592 1035 2656 quo
1068 2573 1274 2638 inflati
1320 2574 1617 2638 adversus
1650 2593 1861 2657 regem
1906 2574 2231 2658 ferociant,
2279 2575 2349 2638 in
2382 2575 2678 2640 concione
2710 2575 2972 2658 publica

604 2678 842 2744 exaltat
888 2697 1101 2743 vocem
1149 2698 1329 2743 suam
1390 2678 1638 2763 sibique
1685 2679 1949 2744 coelitus
2010 2680 2360 2745 revelatum
2405 2701 2539 2745 esse
2584 2681 2970 2763 proclamat:

610 2783 866 2849 Patrem
932 2786 1328 2868 superfluum
1393 2783 1683 2849 ciborum
1727 2786 1792 2849 et
1848 2786 2371 2851 vestimentorum
2431 2789 2564 2866 tam
2624 2788 2973 2873 mulierum

606 2910 803 2976 quam
870 2892 1152 2957 virorum
1219 2911 1410 2958 usum
1478 2891 1794 2956 damnare.
1890 2891 2174 2970 Quilibet
2241 2912 2388 2976 ergo
2458 2893 2743 2958 virorum
2811 2893 2972 2959 duas

611 2999 865 3063 tantum
896 2999 1163 3080 tunicas,
1212 2998 1337 3062 duo
1379 2997 1730 3081 caligarum
1775 2996 1970 3080 paria,
2021 2998 2178 3063 duos
2225 2998 2530 3082 thoraceS,
2581 2999 2707 3064 duo
2740 2999 2972 3083 capitis

611 3106 892 3188 tegmina
937 3108 1000 3171 et
1043 3107 1315 3188 quatuor
1356 3104 1639 3186 indusia,
1710 3104 1941 3169 mulier
1983 3124 2129 3170 vero
2176 3106 2333 3170 duas
2379 3105 2657 3190 tunicas,
2729 3106 2974 3189 pallam

612 3368 769 3422 nicht
803 3368 891 3422 die
916 3368 1080 3423 Rede.
1134 3369 1280 3436 „Dat
1315 3371 1529 3439 gemein
1552 3369 1710 3425 volck
1745 3369 1865 3424 hest
1900 3370 1998 3424 stil
2034 3369 2385 3440 geschwcgen
2423 3370 2481 3424 in
2507 3369 2604 3424 der
2640 3370 2804 3439 s‘t2at,⁶K
2845 3372 2977 3440 sagt

613 3455 684 3511 H.
722 3456 1069 3510 Gresbeck
1106 3455 1161 3511 S.
1199 3459 1268 3511 82
1288 3457 1326 3511 f.
1392 3458 1536 3525 „Der
1573 3459 1663 3513 ein
1697 3458 1817 3512 hest
1854 3457 1948 3513 des
1985 3458 2160 3529 geloft
2195 3458 2306 3511 und
2342 3457 2439 3512 der
2474 3457 2643 3512 ander
2678 3458 2835 3513 nicht
2870 3459 2976 3514 mit

612 3544 712 3599 der
748 3545 1198 3615 oppenbaringe.“
1274 3546 1434 3601 Nach
1487 3546 1540 3602 J.
1580 3547 1822 3618 Klopril‘s
1861 3547 2065 3602 a.a.O.
2105 3546 2158 3602 S.
2203 3548 2304 3600 112
2358 3545 2458 3600 hat
2498 3546 2648 3614 „sich
2704 3546 2844 3601 auch
2882 3546 2973 3600 die

614 3634 866 3705 gemeind
901 3633 1297 3705 gehorsamlich
1333 3634 1679 3690 ufschreiben
1714 3634 1944 3689 lassen.“

833 3722 875 3791 ¹)
911 3722 1048 3778 Vers
1084 3723 1241 3777 2—6.
1268 3751 1334 3760 —
1376 3722 1420 3793 ⁹)
1456 3723 1594 3779 Vers
1631 3724 1698 3776 21
1722 3723 1778 3779 ff.
1805 3751 1872 3761 —-
1913 3721 1968 3792 ⁸)
1996 3722 2132 3779 Vers
2171 3721 2327 3777 1-7.
2356 3751 2422 3761 -
2461 3720 2508 3790 ⁴)
2545 3720 2766 3776 Johann
2802 3722 2977 3777 selbst

614 3813 744 3881 sagt
779 3828 877 3865 aus
917 3811 992 3880 (J.
1014 3811 1071 3864 N
1083 3813 1181 3866 ies
1197 3814 1303 3866 ert
1338 3829 1387 3867 a.
1408 3829 1458 3869 a.
1480 3811 1543 3868 Ο.
1582 3811 1638 3867 S.
1668 3812 1796 3879 179;
1832 3811 1943 3882 vgl.
1977 3811 2118 3867 auch
2154 3812 2229 3867 M.
2257 3811 2415 3877 G.-Q.
2440 3810 2520 3881 H,
2547 3812 2708 3880 372):
2751 3813 2974 3882 „Darup

615 3899 828 3954 hebben
865 3900 953 3954 die
988 3899 1339 3970 predicanten
1395 3901 1483 3955 die
1520 3900 1718 3955 schrift
1751 3900 2083 3956 undersocht
2136 3900 2249 3955 und
2286 3899 2463 3955 solchs
2499 3917 2643 3955 wael·
2698 3900 2976 3972 gefunden

612 3988 731 4043 und
767 3988 887 4043 dem
924 3988 1109 4043 volcke
1145 3989 1324 4044 solchs
1362 3990 1680 4061 angetzeigt
1718 4030 1730 4043 .
1753 4029 1767 4043 .
1788 3990 1836 4043 .“
1892 3990 1998 4044 Die
2033 4006 2138 4044 von
2174 3990 2359 4044 KerSS.
2397 4006 2495 4044 aus
2531 3989 2637 4044 den
2661 3989 2974 4060 Propheten

612 4076 981 4146 angefiihrten
1006 4077 1215 4133 Stellen
1250 4078 1359 4132 und
1400 4078 1708 4134 ausserdem
1742 4078 1996 4134 Hesekiel
2021 4079 2093 4134 30
2129 4079 2253 4134 sind
2289 4079 2348 4132 in
2385 4079 2587 4133 diesem
2627 4079 2976 4132 Zusammen—

614 4164 798 4236 hange
835 4166 975 4221 auch
1011 4183 1325 4237 angezogen
1361 4169 1417 4221 in
1455 4167 1578 4222 dem
1613 4166 2010 4223 Bekenntnisse
2047 4167 2142 4223 des
2179 4167 2407 4237 Dionys.
2443 4168 2623 4224 Vinne
2673 4167 2773 4236 (M.
2813 4166 2978 4234 G.-Q.

616 4252 698 4321 II,
735 4253 885 4322 277).
931 4253 1045 4309 Aus
1082 4253 1205 4309 dem
1239 4270 1417 4310 neuen
1452 4255 1803 4310 Testamente
1839 4257 2088 4310 verweist
2113 4272 2172 4310 er
2207 4255 2309 4310 auf
2338 4255 2539 4310 Matth.
2566 4256 2632 4310 13
2672 4255 2834 4324 (Vers
2861 4252 2978 4325 41).

613 4340 656 4395 J
657 4340 746 4397 oh.
782 4341 1023 4413 Klopriss
1059 4360 1108 4398 a.
1135 4360 1184 4398 a.
1203 4342 1275 4418 O.
1324 4343 1378 4400 S.
1422 4344 1523 4399 115
1580 4344 1827 4399 erwahnt
1860 4344 2001 4399 noch
2036 4344 2135 4400 das
2171 4345 2261 4399 31.
2297 4344 2522 4414 Kapitel
2558 4344 2654 4399 des
2689 4343 2726 4399 J
2728 4344 2977 4399 eremias.
