<?xml version="1.0" encoding="UTF-8"?>
<!DOCTYPE html PUBLIC "-//W3C//DTD XHTML 1.0 Transitional//EN"
    "http://www.w3.org/TR/xhtml1/DTD/xhtml1-transitional.dtd">
<html xmlns="http://www.w3.org/1999/xhtml" xml:lang="en" lang="en">
 <head>
  <title>
</title>
<meta http-equiv="Content-Type" content="text/html;charset=utf-8" />
  <meta name='ocr-system' content='tesseract 3.04.00' />
  <meta name='ocr-capabilities' content='ocr_page ocr_carea ocr_par ocr_line ocrx_word'/>
</head>
<body>
  <div class='ocr_page' id='page_1' title='image "./hermanniakersse00westgoog_0019.png"; bbox 0 0 3259 5075; ppageno 0'>
   <div class='ocr_carea' id='block_1_1' title="bbox 1143 273 2613 340">
    <p class='ocr_par' dir='ltr' id='par_1_1' title="bbox 1143 273 2613 340">
     <span class='ocr_line' id='line_1_1' title="bbox 1143 273 2613 340; baseline 0 -2"><span class='ocrx_word' id='word_1_1' title='bbox 1143 273 1325 340; x_wconf 86' lang='lat' dir='ltr'>Anno</span> <span class='ocrx_word' id='word_1_2' title='bbox 1377 276 1548 340; x_wconf 79' lang='lat'><strong>1533</strong></span> <span class='ocrx_word' id='word_1_3' title='bbox 1593 276 1751 339; x_wconf 81' lang='lat' dir='ltr'>acta.</span> <span class='ocrx_word' id='word_1_4' title='bbox 2482 275 2613 339; x_wconf 74' lang='lat'>395</span> 
     </span>
    </p>
   </div>
   <div class='ocr_carea' id='block_1_2' title="bbox 259 450 2913 3951">
    <p class='ocr_par' dir='ltr' id='par_1_2' title="bbox 259 450 2913 3951">
     <span class='ocr_line' id='line_1_2' title="bbox 265 450 2615 534; baseline 0 -17"><span class='ocrx_word' id='word_1_5' title='bbox 265 450 428 517; x_wconf 83' lang='lat' dir='ltr'>ensis</span> <span class='ocrx_word' id='word_1_6' title='bbox 473 451 706 517; x_wconf 85' lang='lat' dir='ltr'>foedus</span> <span class='ocrx_word' id='word_1_7' title='bbox 767 451 929 517; x_wconf 91' lang='lat' dir='ltr'>illud</span> <span class='ocrx_word' id='word_1_8' title='bbox 975 451 1280 517; x_wconf 84' lang='lat' dir='ltr'>violatum</span> <span class='ocrx_word' id='word_1_9' title='bbox 1328 470 1460 517; x_wconf 87' lang='lat' dir='ltr'>esse</span> <span class='ocrx_word' id='word_1_10' title='bbox 1505 450 2054 532; x_wconf 88' lang='lat' dir='ltr'>animadverteret,</span> <span class='ocrx_word' id='word_1_11' title='bbox 2116 450 2615 534; x_wconf 76' lang='lat' dir='ltr'>praetermittere</span> 
     </span>
     <span class='ocr_line' id='line_1_3' title="bbox 263 556 2616 644; baseline 0 -21"><span class='ocrx_word' id='word_1_12' title='bbox 263 578 385 623; x_wconf 90' lang='lat' dir='ltr'>non</span> <span class='ocrx_word' id='word_1_13' title='bbox 431 559 672 642; x_wconf 88' lang='lat' dir='ltr'>potuit,</span> <span class='ocrx_word' id='word_1_14' title='bbox 743 560 898 644; x_wconf 92' lang='lat' dir='ltr'>quin</span> <span class='ocrx_word' id='word_1_15' title='bbox 943 559 1020 623; x_wconf 92' lang='lat' dir='ltr'>de</span> <span class='ocrx_word' id='word_1_16' title='bbox 1066 559 1254 643; x_wconf 89' lang='lat' dir='ltr'>culpa</span> <span class='ocrx_word' id='word_1_17' title='bbox 1297 559 1474 643; x_wconf 90' lang='lat' dir='ltr'>rupti</span> <span class='ocrx_word' id='word_1_18' title='bbox 1537 558 1806 624; x_wconf 87' lang='lat' dir='ltr'>foederis</span> <span class='ocrx_word' id='word_1_19' title='bbox 1852 557 2118 641; x_wconf 88' lang='lat' dir='ltr'>aliisque</span> <span class='ocrx_word' id='word_1_20' title='bbox 2163 558 2351 622; x_wconf 90' lang='lat' dir='ltr'>rebus</span> <span class='ocrx_word' id='word_1_21' title='bbox 2399 556 2616 623; x_wconf 90' lang='lat' dir='ltr'>eodem</span> 
     </span>
     <span class='ocr_line' id='line_1_4' title="bbox 261 662 2617 750; baseline -0 -20"><span class='ocrx_word' id='word_1_22' title='bbox 261 666 741 749; x_wconf 86' lang='lat' dir='ltr'>pertinentibus</span> <span class='ocrx_word' id='word_1_23' title='bbox 787 685 930 732; x_wconf 90' lang='lat' dir='ltr'>cum</span> <span class='ocrx_word' id='word_1_24' title='bbox 979 664 1227 750; x_wconf 83' lang='lat' dir='ltr'><strong>oppidis</strong></span> <span class='ocrx_word' id='word_1_25' title='bbox 1274 666 1436 731; x_wconf 88' lang='lat' dir='ltr'>serio</span> <span class='ocrx_word' id='word_1_26' title='bbox 1483 668 1646 749; x_wconf 81' lang='lat' dir='ltr'>agat.</span> <span class='ocrx_word' id='word_1_27' title='bbox 1718 664 1938 748; x_wconf 88' lang='lat' dir='ltr'>Legati</span> <span class='ocrx_word' id='word_1_28' title='bbox 1984 662 2360 748; x_wconf 88' lang='lat' dir='ltr'>oppidorum</span> <span class='ocrx_word' id='word_1_29' title='bbox 2406 664 2617 729; x_wconf 87' lang='lat' dir='ltr'>sciunt</span> 
     </span>
     <span class='ocr_line' id='line_1_5' title="bbox 261 770 2617 855; baseline 0 -20"><span class='ocrx_word' id='word_1_30' title='bbox 261 772 490 836; x_wconf 86' lang='lat' dir='ltr'>urbem</span> <span class='ocrx_word' id='word_1_31' title='bbox 536 772 1097 838; x_wconf 85' lang='lat' dir='ltr'>Mouasteriensem</span> <span class='ocrx_word' id='word_1_32' title='bbox 1144 772 1292 837; x_wconf 86' lang='lat' dir='ltr'>fidei</span> <span class='ocrx_word' id='word_1_33' title='bbox 1337 774 1403 837; x_wconf 91' lang='grc'>01</span> <span class='ocrx_word' id='word_1_34' title='bbox 1446 771 1770 855; x_wconf 76' lang='lat' dir='ltr'>religionis</span> <span class='ocrx_word' id='word_1_35' title='bbox 1816 789 2005 836; x_wconf 87' lang='grc'><strong>00030</strong></span> <span class='ocrx_word' id='word_1_36' title='bbox 2049 771 2253 835; x_wconf 84' lang='lat' dir='ltr'>varias</span> <span class='ocrx_word' id='word_1_37' title='bbox 2296 770 2617 836; x_wconf 88' lang='lat' dir='ltr'>molestias</span> 
     </span>
     <span class='ocr_line' id='line_1_6' title="bbox 260 878 2617 963; baseline 0 -20"><span class='ocrx_word' id='word_1_38' title='bbox 260 881 326 943; x_wconf 82' lang='lat' dir='ltr'>et</span> <span class='ocrx_word' id='word_1_39' title='bbox 371 878 759 944; x_wconf 81' lang='lat' dir='ltr'>afflictiones</span> <span class='ocrx_word' id='word_1_40' title='bbox 804 879 923 944; x_wconf 89' lang='lat' dir='ltr'>hoc</span> <span class='ocrx_word' id='word_1_41' title='bbox 967 899 1130 945; x_wconf 88' lang='lat' dir='ltr'>anno</span> <span class='ocrx_word' id='word_1_42' title='bbox 1174 879 1529 963; x_wconf 72' lang='lat' dir='ltr'>pertulisse.</span> <span class='ocrx_word' id='word_1_43' title='bbox 1627 879 1709 944; x_wconf 80' lang='lat' dir='ltr'>Et</span> <span class='ocrx_word' id='word_1_44' title='bbox 1753 897 2111 963; x_wconf 90' lang='lat' dir='ltr'>quanquam</span> <span class='ocrx_word' id='word_1_45' title='bbox 2169 880 2450 960; x_wconf 82' lang='lat' dir='ltr'>senatus,</span> <span class='ocrx_word' id='word_1_46' title='bbox 2498 878 2617 943; x_wconf 89' lang='lat' dir='ltr'>tri-</span> 
     </span>
     <span class='ocr_line' id='line_1_7' title="bbox 259 985 2618 1070; baseline 0 -19"><span class='ocrx_word' id='word_1_47' title='bbox 259 985 444 1067; x_wconf 86' lang='lat' dir='ltr'>buni,</span> <span class='ocrx_word' id='word_1_48' title='bbox 517 986 1030 1051; x_wconf 86' lang='lat' dir='ltr'>mechanicorum</span> <span class='ocrx_word' id='word_1_49' title='bbox 1091 986 1390 1070; x_wconf 87' lang='lat' dir='ltr'>praefecti</span> <span class='ocrx_word' id='word_1_50' title='bbox 1457 989 1716 1070; x_wconf 86' lang='lat' dir='ltr'>totaque</span> <span class='ocrx_word' id='word_1_51' title='bbox 1760 985 1912 1051; x_wconf 88' lang='lat' dir='ltr'>adeo</span> <span class='ocrx_word' id='word_1_52' title='bbox 1983 985 2342 1069; x_wconf 78' lang='lat' dir='ltr'>respublica</span> <span class='ocrx_word' id='word_1_53' title='bbox 2400 985 2469 1050; x_wconf 92' lang='lat' dir='ltr'>in</span> <span class='ocrx_word' id='word_1_54' title='bbox 2515 985 2618 1051; x_wconf 89' lang='lat' dir='ltr'>his</span> 
     </span>
     <span class='ocr_line' id='line_1_8' title="bbox 260 1092 2618 1175; baseline -0.001 -17"><span class='ocrx_word' id='word_1_55' title='bbox 260 1093 587 1175; x_wconf 82' lang='lat' dir='ltr'>angustiis</span> <span class='ocrx_word' id='word_1_56' title='bbox 634 1093 700 1157; x_wconf 91' lang='lat' dir='ltr'>et</span> <span class='ocrx_word' id='word_1_57' title='bbox 744 1092 1197 1158; x_wconf 84' lang='lat' dir='ltr'>afflictionibus</span> <span class='ocrx_word' id='word_1_58' title='bbox 1245 1092 1609 1173; x_wconf 90' lang='lat' dir='ltr'>consilium,</span> <span class='ocrx_word' id='word_1_59' title='bbox 1680 1092 1988 1157; x_wconf 81' lang='lat' dir='ltr'>auxilium</span> <span class='ocrx_word' id='word_1_60' title='bbox 2031 1111 2335 1175; x_wconf 87' lang='lat' dir='ltr'>opemque</span> <span class='ocrx_word' id='word_1_61' title='bbox 2381 1093 2458 1156; x_wconf 91' lang='lat' dir='ltr'>ab</span> <span class='ocrx_word' id='word_1_62' title='bbox 2505 1110 2618 1175; x_wconf 94' lang='lat' dir='ltr'>op-</span> 
     </span>
     <span class='ocr_line' id='line_1_9' title="bbox 263 1198 2617 1284; baseline 0 -22"><span class='ocrx_word' id='word_1_63' title='bbox 263 1198 440 1282; x_wconf 86' lang='lat' dir='ltr'>pidis</span> <span class='ocrx_word' id='word_1_64' title='bbox 485 1199 944 1265; x_wconf 75' lang='lat' dir='ltr'>confoederatis</span> <span class='ocrx_word' id='word_1_65' title='bbox 991 1200 1323 1284; x_wconf 88' lang='lat' dir='ltr'>flagitaret,</span> <span class='ocrx_word' id='word_1_66' title='bbox 1397 1199 1562 1264; x_wconf 88' lang='lat' dir='ltr'>nihil</span> <span class='ocrx_word' id='word_1_67' title='bbox 1607 1202 1819 1265; x_wconf 87' lang='lat' dir='ltr'>tamen</span> <span class='ocrx_word' id='word_1_68' title='bbox 1887 1198 2186 1283; x_wconf 85' lang='lat' dir='ltr'>praesidii</span> <span class='ocrx_word' id='word_1_69' title='bbox 2232 1202 2342 1263; x_wconf 86' lang='lat' dir='ltr'>aut</span> <span class='ocrx_word' id='word_1_70' title='bbox 2386 1216 2617 1282; x_wconf 88' lang='lat' dir='ltr'>propu-</span> 
     </span>
     <span class='ocr_line' id='line_1_10' title="bbox 265 1306 2618 1391; baseline 0 -21"><span class='ocrx_word' id='word_1_71' title='bbox 265 1306 592 1389; x_wconf 87' lang='lat' dir='ltr'>gnationis</span> <span class='ocrx_word' id='word_1_72' title='bbox 640 1307 978 1390; x_wconf 88' lang='lat' dir='ltr'>impetrare</span> <span class='ocrx_word' id='word_1_73' title='bbox 1021 1307 1246 1390; x_wconf 82' lang='lat' dir='ltr'>potuit.</span> <span class='ocrx_word' id='word_1_74' title='bbox 1338 1306 1433 1371; x_wconf 87' lang='lat' dir='ltr'>Ad</span> <span class='ocrx_word' id='word_1_75' title='bbox 1479 1309 1733 1373; x_wconf 83' lang='lat' dir='ltr'>externa</span> <span class='ocrx_word' id='word_1_76' title='bbox 1774 1307 1989 1391; x_wconf 86' lang='lat' dir='ltr'>itaque</span> <span class='ocrx_word' id='word_1_77' title='bbox 2034 1307 2393 1388; x_wconf 87' lang='lat' dir='ltr'>electorum,</span> <span class='ocrx_word' id='word_1_78' title='bbox 2442 1306 2618 1389; x_wconf 87' lang='lat' dir='ltr'>prin-</span> 
     </span>
     <span class='ocr_line' id='line_1_11' title="bbox 266 1412 2620 1498; baseline 0 -21"><span class='ocrx_word' id='word_1_79' title='bbox 266 1413 507 1495; x_wconf 88' lang='lat' dir='ltr'>cipum,</span> <span class='ocrx_word' id='word_1_80' title='bbox 534 1413 838 1478; x_wconf 87' lang='lat' dir='ltr'>comitum</span> <span class='ocrx_word' id='word_1_81' title='bbox 867 1417 932 1478; x_wconf 90' lang='lat' dir='ltr'>et</span> <span class='ocrx_word' id='word_1_82' title='bbox 954 1413 1282 1479; x_wconf 85' lang='lat' dir='ltr'>civitatum</span> <span class='ocrx_word' id='word_1_83' title='bbox 1315 1414 1630 1497; x_wconf 87' lang='lat' dir='ltr'>praesidia</span> <span class='ocrx_word' id='word_1_84' title='bbox 1660 1412 2148 1496; x_wconf 87' lang='lat' dir='ltr'>confugiendum</span> <span class='ocrx_word' id='word_1_85' title='bbox 2173 1415 2324 1489; x_wconf 82' lang='lat' dir='ltr'>erat,</span> <span class='ocrx_word' id='word_1_86' title='bbox 2349 1430 2620 1498; x_wconf 93' lang='lat' dir='ltr'>quorum</span> 
     </span>
     <span class='ocr_line' id='line_1_12' title="bbox 264 1518 2621 1602; baseline 0 -19"><span class='ocrx_word' id='word_1_87' title='bbox 264 1519 540 1602; x_wconf 86' lang='lat' dir='ltr'>pacifico</span> <span class='ocrx_word' id='word_1_88' title='bbox 583 1518 965 1602; x_wconf 85' lang='lat' dir='ltr'>interventu,</span> <span class='ocrx_word' id='word_1_89' title='bbox 1032 1522 1301 1585; x_wconf 81' lang='lat' dir='ltr'>maxime</span> <span class='ocrx_word' id='word_1_90' title='bbox 1343 1524 1553 1586; x_wconf 86' lang='lat' dir='ltr'>tamen</span> <span class='ocrx_word' id='word_1_91' title='bbox 1599 1520 1875 1585; x_wconf 88' lang='lat' dir='ltr'>illustris</span> <span class='ocrx_word' id='word_1_92' title='bbox 1922 1520 2265 1585; x_wconf 90' lang='lat' dir='ltr'>Hessorum</span> <span class='ocrx_word' id='word_1_93' title='bbox 2311 1518 2621 1602; x_wconf 90' lang='lat' dir='ltr'>principis</span> 
     </span>
     <span class='ocr_line' id='line_1_13' title="bbox 263 1625 2623 1710; baseline 0 -20"><span class='ocrx_word' id='word_1_94' title='bbox 263 1625 653 1691; x_wconf 78' lang='lat' dir='ltr'>auctoritate</span> <span class='ocrx_word' id='word_1_95' title='bbox 697 1628 761 1691; x_wconf 88' lang='grc'>01</span> <span class='ocrx_word' id='word_1_96' title='bbox 803 1643 1013 1707; x_wconf 82' lang='grc'><strong>30030,</strong></span> <span class='ocrx_word' id='word_1_97' title='bbox 1062 1626 1166 1692; x_wconf 88' lang='grc'>001</span> <span class='ocrx_word' id='word_1_98' title='bbox 1212 1646 1250 1691; x_wconf 92' lang='grc'>0</span> <span class='ocrx_word' id='word_1_99' title='bbox 1293 1625 1710 1710; x_wconf 87' lang='lat' dir='ltr'>principibus,</span> <span class='ocrx_word' id='word_1_100' title='bbox 1772 1626 2130 1708; x_wconf 78' lang='lat' dir='ltr'>comitibus,</span> <span class='ocrx_word' id='word_1_101' title='bbox 2182 1626 2504 1691; x_wconf 90' lang='lat' dir='ltr'>nobilibus</span> <span class='ocrx_word' id='word_1_102' title='bbox 2551 1645 2623 1691; x_wconf 86' lang='lat' dir='ltr'>ac</span> 
     </span>
     <span class='ocr_line' id='line_1_14' title="bbox 267 1730 2621 1817; baseline 0.001 -21"><span class='ocrx_word' id='word_1_103' title='bbox 267 1731 549 1796; x_wconf 88' lang='lat' dir='ltr'>urbibus</span> <span class='ocrx_word' id='word_1_104' title='bbox 595 1730 929 1796; x_wconf 87' lang='lat' dir='ltr'>christiani</span> <span class='ocrx_word' id='word_1_105' title='bbox 973 1735 1038 1797; x_wconf 91' lang='lat' dir='ltr'>et</span> <span class='ocrx_word' id='word_1_106' title='bbox 1083 1732 1483 1797; x_wconf 86' lang='lat' dir='ltr'>Smalcaldioi</span> <span class='ocrx_word' id='word_1_107' title='bbox 1551 1731 1818 1797; x_wconf 88' lang='lat' dir='ltr'>foederis</span> <span class='ocrx_word' id='word_1_108' title='bbox 1885 1732 2325 1817; x_wconf 80' lang='lat' dir='ltr'>transigendae</span> <span class='ocrx_word' id='word_1_109' title='bbox 2393 1752 2621 1816; x_wconf 89' lang='lat' dir='ltr'>pacan-</span> 
     </span>
     <span class='ocr_line' id='line_1_15' title="bbox 267 1837 2622 1922; baseline 0.001 -20"><span class='ocrx_word' id='word_1_110' title='bbox 267 1838 515 1922; x_wconf 89' lang='lat' dir='ltr'>daeque</span> <span class='ocrx_word' id='word_1_111' title='bbox 560 1837 654 1903; x_wconf 88' lang='lat' dir='ltr'>rei</span> <span class='ocrx_word' id='word_1_112' title='bbox 699 1838 1023 1922; x_wconf 88' lang='lat' dir='ltr'>negotium</span> <span class='ocrx_word' id='word_1_113' title='bbox 1067 1839 1228 1904; x_wconf 89' lang='lat' dir='ltr'>serio</span> <span class='ocrx_word' id='word_1_114' title='bbox 1275 1839 1494 1904; x_wconf 83' lang='lat' dir='ltr'>datum</span> <span class='ocrx_word' id='word_1_115' title='bbox 1540 1841 1654 1921; x_wconf 88' lang='lat' dir='ltr'>est,</span> <span class='ocrx_word' id='word_1_116' title='bbox 1712 1839 1914 1904; x_wconf 89' lang='lat' dir='ltr'>omnis</span> <span class='ocrx_word' id='word_1_117' title='bbox 1961 1840 2377 1905; x_wconf 84' lang='lat' dir='ltr'>controversia</span> <span class='ocrx_word' id='word_1_118' title='bbox 2425 1838 2622 1905; x_wconf 78' lang='lat' dir='ltr'>inter-</span> 
     </span>
     <span class='ocr_line' id='line_1_16' title="bbox 269 1944 2624 2029; baseline 0 -20"><span class='ocrx_word' id='word_1_119' title='bbox 269 1950 462 2029; x_wconf 83' lang='lat' dir='ltr'>cepta</span> <span class='ocrx_word' id='word_1_120' title='bbox 507 1950 607 2009; x_wconf 88' lang='lat' dir='ltr'>est</span> <span class='ocrx_word' id='word_1_121' title='bbox 649 1946 715 2010; x_wconf 87' lang='lat' dir='ltr'>et</span> <span class='ocrx_word' id='word_1_122' title='bbox 757 1946 1206 2010; x_wconf 86' lang='lat' dir='ltr'>attestantibus</span> <span class='ocrx_word' id='word_1_123' title='bbox 1251 1945 1677 2011; x_wconf 87' lang='lat' dir='ltr'>monumentis</span> <span class='ocrx_word' id='word_1_124' title='bbox 1727 1945 2002 2029; x_wconf 88' lang='lat' dir='ltr'>publicis</span> <span class='ocrx_word' id='word_1_125' title='bbox 2048 1946 2239 2011; x_wconf 87' lang='lat' dir='ltr'>etiam</span> <span class='ocrx_word' id='word_1_126' title='bbox 2284 1964 2321 2010; x_wconf 90' lang='lat' dir='ltr'>a</span> <span class='ocrx_word' id='word_1_127' title='bbox 2351 1944 2624 2010; x_wconf 86' lang='lat' dir='ltr'>Coesfel-</span> 
     </span>
     <span class='ocr_line' id='line_1_17' title="bbox 272 2050 2624 2135; baseline 0 -19"><span class='ocrx_word' id='word_1_128' title='bbox 272 2051 606 2116; x_wconf 87' lang='lat' dir='ltr'>diensibus</span> <span class='ocrx_word' id='word_1_129' title='bbox 652 2071 722 2116; x_wconf 88' lang='lat' dir='ltr'>ac</span> <span class='ocrx_word' id='word_1_130' title='bbox 767 2050 1416 2135; x_wconf 87' lang='lat' dir='ltr'>Warendorpensibus</span> <span class='ocrx_word' id='word_1_131' title='bbox 1484 2051 1752 2117; x_wconf 88' lang='lat' dir='ltr'>aliorum</span> <span class='ocrx_word' id='word_1_132' title='bbox 1800 2050 2173 2135; x_wconf 90' lang='lat' dir='ltr'>oppidorum</span> <span class='ocrx_word' id='word_1_133' title='bbox 2241 2052 2491 2118; x_wconf 84' lang='lat' dir='ltr'>nomine</span> <span class='ocrx_word' id='word_1_134' title='bbox 2537 2052 2624 2117; x_wconf 89' lang='lat' dir='ltr'>si-</span> 
     </span>
     <span class='ocr_line' id='line_1_18' title="bbox 272 2157 2627 2243; baseline 0.001 -21"><span class='ocrx_word' id='word_1_135' title='bbox 272 2159 491 2243; x_wconf 86' lang='lat' dir='ltr'>gnatis</span> <span class='ocrx_word' id='word_1_136' title='bbox 537 2157 811 2223; x_wconf 89' lang='lat' dir='ltr'>feliciter</span> <span class='ocrx_word' id='word_1_137' title='bbox 853 2178 968 2242; x_wconf 87' lang='lat' dir='ltr'>per</span> <span class='ocrx_word' id='word_1_138' title='bbox 1011 2158 1126 2223; x_wconf 88' lang='lat' dir='ltr'>Dei</span> <span class='ocrx_word' id='word_1_139' title='bbox 1175 2159 1446 2242; x_wconf 85' lang='lat' dir='ltr'>gratiam</span> <span class='ocrx_word' id='word_1_140' title='bbox 1493 2158 1700 2242; x_wconf 86' lang='lat' dir='ltr'>sopita</span> <span class='ocrx_word' id='word_1_141' title='bbox 1743 2162 1858 2224; x_wconf 89' lang='grc'><strong>031.</strong></span> <span class='ocrx_word' id='word_1_142' title='bbox 1952 2159 2118 2224; x_wconf 89' lang='grc' dir='ltr'>Μο10</span> <span class='ocrx_word' id='word_1_143' title='bbox 2163 2161 2374 2225; x_wconf 88' lang='lat' dir='ltr'>autem</span> <span class='ocrx_word' id='word_1_144' title='bbox 2434 2159 2627 2224; x_wconf 90' lang='lat' dir='ltr'>habet</span> 
     </span>
     <span class='ocr_line' id='line_1_19' title="bbox 273 2265 2623 2350; baseline 0 -20"><span class='ocrx_word' id='word_1_145' title='bbox 273 2265 570 2330; x_wconf 78' lang='grc'><strong>0011311103</strong></span> <span class='ocrx_word' id='word_1_146' title='bbox 616 2267 1026 2349; x_wconf 83' lang='lat' dir='ltr'>senatumque</span> <span class='ocrx_word' id='word_1_147' title='bbox 1071 2285 1143 2330; x_wconf 89' lang='grc'>00</span> <span class='ocrx_word' id='word_1_148' title='bbox 1189 2268 1386 2331; x_wconf 85' lang='lat' dir='ltr'>totam</span> <span class='ocrx_word' id='word_1_149' title='bbox 1452 2265 1937 2350; x_wconf 91' lang='lat' dir='ltr'>rempublicam,</span> <span class='ocrx_word' id='word_1_150' title='bbox 1997 2266 2163 2350; x_wconf 90' lang='lat' dir='ltr'>quod</span> <span class='ocrx_word' id='word_1_151' title='bbox 2210 2266 2275 2331; x_wconf 92' lang='grc'>10</span> <span class='ocrx_word' id='word_1_152' title='bbox 2324 2269 2454 2331; x_wconf 88' lang='grc'><strong>10111</strong></span> <span class='ocrx_word' id='word_1_153' title='bbox 2500 2266 2623 2350; x_wconf 88' lang='lat' dir='ltr'>pia,</span> 
     </span>
     <span class='ocr_line' id='line_1_20' title="bbox 277 2371 2625 2458; baseline 0 -22"><span class='ocrx_word' id='word_1_154' title='bbox 277 2371 631 2436; x_wconf 86' lang='lat' dir='ltr'>christiana</span> <span class='ocrx_word' id='word_1_155' title='bbox 659 2374 725 2438; x_wconf 89' lang='lat' dir='ltr'>et</span> <span class='ocrx_word' id='word_1_156' title='bbox 767 2372 938 2438; x_wconf 86' lang='lat' dir='ltr'>iusta</span> <span class='ocrx_word' id='word_1_157' title='bbox 968 2392 1154 2438; x_wconf 86' lang='lat' dir='ltr'>causa</span> <span class='ocrx_word' id='word_1_158' title='bbox 1185 2373 1464 2455; x_wconf 91' lang='lat' dir='ltr'>consilio,</span> <span class='ocrx_word' id='word_1_159' title='bbox 1510 2393 1624 2457; x_wconf 90' lang='lat' dir='ltr'>ope</span> <span class='ocrx_word' id='word_1_160' title='bbox 1657 2374 1950 2458; x_wconf 90' lang='lat' dir='ltr'>omnique</span> <span class='ocrx_word' id='word_1_161' title='bbox 1994 2372 2268 2438; x_wconf 89' lang='lat' dir='ltr'>humano</span> <span class='ocrx_word' id='word_1_162' title='bbox 2313 2372 2625 2455; x_wconf 88' lang='lat' dir='ltr'>praesidio</span> 
     </span>
     <span class='ocr_line' id='line_1_21' title="bbox 279 2477 2625 2565; baseline -0 -20"><span class='ocrx_word' id='word_1_163' title='bbox 279 2497 466 2562; x_wconf 87' lang='lat' dir='ltr'>saepe</span> <span class='ocrx_word' id='word_1_164' title='bbox 511 2477 847 2563; x_wconf 86' lang='lat' dir='ltr'>implorato</span> <span class='ocrx_word' id='word_1_165' title='bbox 896 2479 1027 2546; x_wconf 87' lang='lat' dir='ltr'>sint</span> <span class='ocrx_word' id='word_1_166' title='bbox 1079 2479 1392 2547; x_wconf 90' lang='lat' dir='ltr'>destituti.</span> <span class='ocrx_word' id='word_1_167' title='bbox 1470 2480 1686 2565; x_wconf 89' lang='lat' dir='ltr'>Neque</span> <span class='ocrx_word' id='word_1_168' title='bbox 1730 2480 1849 2547; x_wconf 89' lang='lat' dir='ltr'>hoc</span> <span class='ocrx_word' id='word_1_169' title='bbox 1893 2480 1963 2546; x_wconf 92' lang='lat' dir='ltr'>in</span> <span class='ocrx_word' id='word_1_170' title='bbox 2009 2480 2469 2546; x_wconf 84' lang='lat' dir='ltr'>excusationem</span> <span class='ocrx_word' id='word_1_171' title='bbox 2514 2478 2625 2545; x_wconf 90' lang='lat' dir='ltr'>ad-</span> 
     </span>
     <span class='ocr_line' id='line_1_22' title="bbox 279 2586 2624 2671; baseline 0 -21"><span class='ocrx_word' id='word_1_172' title='bbox 279 2587 438 2650; x_wconf 87' lang='lat' dir='ltr'>ferri</span> <span class='ocrx_word' id='word_1_173' title='bbox 482 2588 711 2669; x_wconf 83' lang='lat' dir='ltr'>potest,</span> <span class='ocrx_word' id='word_1_174' title='bbox 760 2586 927 2670; x_wconf 92' lang='lat' dir='ltr'>quod</span> <span class='ocrx_word' id='word_1_175' title='bbox 957 2587 1026 2651; x_wconf 92' lang='lat' dir='ltr'>in</span> <span class='ocrx_word' id='word_1_176' title='bbox 1055 2587 1318 2668; x_wconf 89' lang='lat' dir='ltr'>foedere,</span> <span class='ocrx_word' id='word_1_177' title='bbox 1369 2607 1489 2671; x_wconf 89' lang='lat' dir='ltr'>quo</span> <span class='ocrx_word' id='word_1_178' title='bbox 1523 2588 1814 2653; x_wconf 81' lang='lat' dir='ltr'>civitates</span> <span class='ocrx_word' id='word_1_179' title='bbox 1844 2589 2065 2653; x_wconf 88' lang='lat' dir='ltr'>mutuo</span> <span class='ocrx_word' id='word_1_180' title='bbox 2100 2590 2250 2652; x_wconf 89' lang='lat' dir='ltr'>sunt</span> <span class='ocrx_word' id='word_1_181' title='bbox 2280 2587 2624 2669; x_wconf 84' lang='lat' dir='ltr'>devinctae,</span> 
     </span>
     <span class='ocr_line' id='line_1_23' title="bbox 281 2692 2628 2779; baseline 0 -23"><span class='ocrx_word' id='word_1_182' title='bbox 281 2712 467 2776; x_wconf 87' lang='lat' dir='ltr'>papa,</span> <span class='ocrx_word' id='word_1_183' title='bbox 516 2692 796 2774; x_wconf 88' lang='lat' dir='ltr'>ecclesia,</span> <span class='ocrx_word' id='word_1_184' title='bbox 849 2713 953 2758; x_wconf 85' lang='lat' dir='ltr'>rex</span> <span class='ocrx_word' id='word_1_185' title='bbox 982 2695 1298 2759; x_wconf 87' lang='lat' dir='ltr'>Romanus</span> <span class='ocrx_word' id='word_1_186' title='bbox 1345 2714 1417 2760; x_wconf 91' lang='lat' dir='ltr'>ac</span> <span class='ocrx_word' id='word_1_187' title='bbox 1446 2695 1738 2779; x_wconf 88' lang='lat' dir='ltr'>princeps</span> <span class='ocrx_word' id='word_1_188' title='bbox 1784 2695 1997 2760; x_wconf 88' lang='lat' dir='ltr'>noster</span> <span class='ocrx_word' id='word_1_189' title='bbox 2027 2694 2420 2777; x_wconf 86' lang='lat' dir='ltr'>excipiantur</span> <span class='ocrx_word' id='word_1_190' title='bbox 2440 2697 2478 2775; x_wconf 80' lang='lat'>¹,</span> <span class='ocrx_word' id='word_1_191' title='bbox 2526 2693 2628 2758; x_wconf 82' lang='lat' dir='ltr'>vel</span> 
     </span>
     <span class='ocr_line' id='line_1_24' title="bbox 282 2799 2627 2886; baseline -0 -22"><span class='ocrx_word' id='word_1_192' title='bbox 282 2800 452 2884; x_wconf 90' lang='grc'><strong>011011</strong></span> <span class='ocrx_word' id='word_1_193' title='bbox 500 2802 786 2883; x_wconf 87' lang='lat' dir='ltr'>satrapae</span> <span class='ocrx_word' id='word_1_194' title='bbox 832 2819 904 2865; x_wconf 87' lang='lat' dir='ltr'>ac</span> <span class='ocrx_word' id='word_1_195' title='bbox 937 2801 1232 2883; x_wconf 88' lang='lat' dir='ltr'>praefecti</span> <span class='ocrx_word' id='word_1_196' title='bbox 1279 2801 1585 2886; x_wconf 89' lang='lat' dir='ltr'>principis</span> <span class='ocrx_word' id='word_1_197' title='bbox 1631 2801 1868 2867; x_wconf 85' lang='lat' dir='ltr'>foederi</span> <span class='ocrx_word' id='word_1_198' title='bbox 1913 2799 2212 2867; x_wconf 85' lang='lat' dir='ltr'>servando</span> <span class='ocrx_word' id='word_1_199' title='bbox 2259 2799 2627 2865; x_wconf 87' lang='lat' dir='ltr'>intercesse-</span> 
     </span>
     <span class='ocr_line' id='line_1_25' title="bbox 281 2905 2913 2991; baseline 0.001 -20"><span class='ocrx_word' id='word_1_200' title='bbox 281 2906 437 2987; x_wconf 83' lang='lat' dir='ltr'>rint,</span> <span class='ocrx_word' id='word_1_201' title='bbox 487 2906 666 2989; x_wconf 89' lang='lat' dir='ltr'>qnasi</span> <span class='ocrx_word' id='word_1_202' title='bbox 711 2907 1231 2973; x_wconf 84' lang='lat' dir='ltr'>Monasterienses</span> <span class='ocrx_word' id='word_1_203' title='bbox 1263 2905 1369 2972; x_wconf 71' lang='lat' dir='ltr'>*re</span> <span class='ocrx_word' id='word_1_204' title='bbox 1401 2924 1474 2971; x_wconf 83' lang='lat' dir='ltr'>ex</span> <span class='ocrx_word' id='word_1_205' title='bbox 1505 2910 1767 2991; x_wconf 80' lang='lat' dir='ltr'>utraque</span> <span class='ocrx_word' id='word_1_206' title='bbox 1813 2910 1990 2991; x_wconf 89' lang='lat' dir='ltr'>parte</span> <span class='ocrx_word' id='word_1_207' title='bbox 2020 2927 2145 2972; x_wconf 92' lang='lat' dir='ltr'>non</span> <span class='ocrx_word' id='word_1_208' title='bbox 2175 2906 2394 2972; x_wconf 85' lang='lat' dir='ltr'>audita</span> <span class='ocrx_word' id='word_1_209' title='bbox 2431 2924 2628 2990; x_wconf 90' lang='lat' dir='ltr'>neque</span> <span class='ocrx_word' id='word_1_210' title='bbox 2653 2918 2752 2991; x_wconf 67' lang='grc' dir='ltr'>*μ</span> <span class='ocrx_word' id='word_1_211' title='bbox 2788 2917 2913 2974; x_wconf 78' lang='grc'><strong>358.</strong></span> 
     </span>
     <span class='ocr_line' id='line_1_26' title="bbox 284 3011 2630 3098; baseline -0 -21"><span class='ocrx_word' id='word_1_212' title='bbox 284 3013 426 3079; x_wconf 90' lang='lat' dir='ltr'>iure</span> <span class='ocrx_word' id='word_1_213' title='bbox 469 3013 757 3079; x_wconf 87' lang='lat' dir='ltr'>discussa</span> <span class='ocrx_word' id='word_1_214' title='bbox 821 3012 1145 3079; x_wconf 86' lang='lat' dir='ltr'>deserendi</span> <span class='ocrx_word' id='word_1_215' title='bbox 1191 3013 1321 3078; x_wconf 91' lang='lat' dir='ltr'>sint</span> <span class='ocrx_word' id='word_1_216' title='bbox 1387 3016 1497 3078; x_wconf 88' lang='lat' dir='ltr'>aut</span> <span class='ocrx_word' id='word_1_217' title='bbox 1542 3014 1773 3098; x_wconf 91' lang='lat' dir='ltr'>oppida</span> <span class='ocrx_word' id='word_1_218' title='bbox 1817 3032 1854 3077; x_wconf 90' lang='lat' dir='ltr'>a</span> <span class='ocrx_word' id='word_1_219' title='bbox 1897 3011 2273 3079; x_wconf 87' lang='lat' dir='ltr'>verecundia</span> <span class='ocrx_word' id='word_1_220' title='bbox 2340 3011 2630 3078; x_wconf 85' lang='lat' dir='ltr'>servandi</span> 
     </span>
     <span class='ocr_line' id='line_1_27' title="bbox 283 3120 2629 3204; baseline -0 -19"><span class='ocrx_word' id='word_1_221' title='bbox 283 3121 556 3187; x_wconf 85' lang='lat' dir='ltr'>foederis</span> <span class='ocrx_word' id='word_1_222' title='bbox 602 3139 673 3185; x_wconf 90' lang='lat' dir='ltr'>eo</span> <span class='ocrx_word' id='word_1_223' title='bbox 716 3121 902 3186; x_wconf 91' lang='lat' dir='ltr'>modo</span> <span class='ocrx_word' id='word_1_224' title='bbox 963 3120 1263 3186; x_wconf 90' lang='lat' dir='ltr'>deterreri</span> <span class='ocrx_word' id='word_1_225' title='bbox 1326 3120 1675 3186; x_wconf 87' lang='lat' dir='ltr'>debuerint.</span> <span class='ocrx_word' id='word_1_226' title='bbox 1771 3120 2149 3185; x_wconf 90' lang='lat' dir='ltr'>Huiusmodi</span> <span class='ocrx_word' id='word_1_227' title='bbox 2197 3121 2367 3185; x_wconf 90' lang='lat' dir='ltr'>enim</span> <span class='ocrx_word' id='word_1_228' title='bbox 2411 3139 2629 3204; x_wconf 85' lang='lat' dir='ltr'>excep-</span> 
     </span>
     <span class='ocr_line' id='line_1_28' title="bbox 286 3226 2629 3312; baseline -0 -19"><span class='ocrx_word' id='word_1_229' title='bbox 286 3228 494 3293; x_wconf 72' lang='grc' dir='ltr'><strong>110οω</strong></span> <span class='ocrx_word' id='word_1_230' title='bbox 541 3228 609 3292; x_wconf 89' lang='grc'>10</span> <span class='ocrx_word' id='word_1_231' title='bbox 641 3247 830 3294; x_wconf 87' lang='lat' dir='ltr'>causa</span> <span class='ocrx_word' id='word_1_232' title='bbox 872 3228 1196 3312; x_wconf 88' lang='lat' dir='ltr'>religionis</span> <span class='ocrx_word' id='word_1_233' title='bbox 1229 3228 1295 3293; x_wconf 88' lang='lat' dir='ltr'>et</span> <span class='ocrx_word' id='word_1_234' title='bbox 1328 3227 1476 3293; x_wconf 87' lang='lat' dir='ltr'>fidei</span> <span class='ocrx_word' id='word_1_235' title='bbox 1523 3227 1734 3293; x_wconf 92' lang='lat' dir='ltr'>locum</span> <span class='ocrx_word' id='word_1_236' title='bbox 1779 3246 1899 3292; x_wconf 90' lang='lat' dir='ltr'>non</span> <span class='ocrx_word' id='word_1_237' title='bbox 1938 3226 2192 3309; x_wconf 85' lang='lat' dir='ltr'>habent,</span> <span class='ocrx_word' id='word_1_238' title='bbox 2240 3246 2386 3291; x_wconf 87' lang='lat' dir='ltr'>cum</span> <span class='ocrx_word' id='word_1_239' title='bbox 2431 3246 2503 3291; x_wconf 89' lang='lat' dir='ltr'>ea</span> <span class='ocrx_word' id='word_1_240' title='bbox 2532 3246 2629 3292; x_wconf 89' lang='lat' dir='ltr'>res</span> 
     </span>
     <span class='ocr_line' id='line_1_29' title="bbox 284 3333 2630 3418; baseline -0.001 -18"><span class='ocrx_word' id='word_1_241' title='bbox 284 3333 640 3400; x_wconf 82' lang='lat' dir='ltr'>secundum</span> <span class='ocrx_word' id='word_1_242' title='bbox 701 3339 996 3399; x_wconf 81' lang='lat' dir='ltr'>naturam</span> <span class='ocrx_word' id='word_1_243' title='bbox 1040 3354 1220 3399; x_wconf 86' lang='lat' dir='ltr'>suam</span> <span class='ocrx_word' id='word_1_244' title='bbox 1266 3334 1344 3400; x_wconf 87' lang='lat' dir='ltr'>ad</span> <span class='ocrx_word' id='word_1_245' title='bbox 1388 3335 1697 3418; x_wconf 83' lang='lat' dir='ltr'>generalis</span> <span class='ocrx_word' id='word_1_246' title='bbox 1746 3334 1998 3399; x_wconf 91' lang='lat' dir='ltr'>concilii</span> <span class='ocrx_word' id='word_1_247' title='bbox 2044 3334 2366 3399; x_wconf 85' lang='lat' dir='ltr'>decretum</span> <span class='ocrx_word' id='word_1_248' title='bbox 2434 3334 2630 3416; x_wconf 92' lang='lat' dir='ltr'>perti-</span> 
     </span>
     <span class='ocr_line' id='line_1_30' title="bbox 283 3440 2631 3525; baseline 0 -20"><span class='ocrx_word' id='word_1_249' title='bbox 283 3441 453 3506; x_wconf 86' lang='lat' dir='ltr'>neat.</span> <span class='ocrx_word' id='word_1_250' title='bbox 547 3442 770 3524; x_wconf 89' lang='lat' dir='ltr'>Itaque</span> <span class='ocrx_word' id='word_1_251' title='bbox 817 3442 1335 3507; x_wconf 87' lang='lat' dir='ltr'>Monasterienses</span> <span class='ocrx_word' id='word_1_252' title='bbox 1401 3441 1699 3524; x_wconf 86' lang='lat' dir='ltr'>praesidii</span> <span class='ocrx_word' id='word_1_253' title='bbox 1744 3441 1961 3525; x_wconf 90' lang='lat' dir='ltr'>inopes</span> <span class='ocrx_word' id='word_1_254' title='bbox 2007 3443 2226 3507; x_wconf 87' lang='lat' dir='ltr'>contra</span> <span class='ocrx_word' id='word_1_255' title='bbox 2271 3440 2400 3505; x_wconf 87' lang='lat' dir='ltr'>vim</span> <span class='ocrx_word' id='word_1_256' title='bbox 2445 3442 2631 3524; x_wconf 83' lang='lat' dir='ltr'>atque</span> 
     </span>
     <span class='ocr_line' id='line_1_31' title="bbox 285 3546 2631 3631; baseline -0.001 -18"><span class='ocrx_word' id='word_1_257' title='bbox 285 3548 598 3613; x_wconf 90' lang='lat' dir='ltr'>iniuriam</span> <span class='ocrx_word' id='word_1_258' title='bbox 643 3547 838 3613; x_wconf 89' lang='lat' dir='ltr'>etiam</span> <span class='ocrx_word' id='word_1_259' title='bbox 883 3547 948 3613; x_wconf 91' lang='lat' dir='ltr'>in</span> <span class='ocrx_word' id='word_1_260' title='bbox 982 3568 1169 3613; x_wconf 88' lang='grc'><strong>00030</strong></span> <span class='ocrx_word' id='word_1_261' title='bbox 1213 3548 1360 3613; x_wconf 88' lang='lat' dir='ltr'>fidei</span> <span class='ocrx_word' id='word_1_262' title='bbox 1405 3551 1470 3613; x_wconf 85' lang='lat' dir='ltr'>et</span> <span class='ocrx_word' id='word_1_263' title='bbox 1515 3547 1840 3631; x_wconf 89' lang='lat' dir='ltr'>religionis</span> <span class='ocrx_word' id='word_1_264' title='bbox 1886 3566 2082 3631; x_wconf 89' lang='lat' dir='ltr'>usque</span> <span class='ocrx_word' id='word_1_265' title='bbox 2115 3546 2194 3612; x_wconf 89' lang='lat' dir='ltr'>ad</span> <span class='ocrx_word' id='word_1_266' title='bbox 2239 3546 2492 3612; x_wconf 87' lang='lat' dir='ltr'>concilii</span> <span class='ocrx_word' id='word_1_267' title='bbox 2522 3546 2631 3611; x_wconf 91' lang='lat' dir='ltr'>de·</span> 
     </span>
     <span class='ocr_line' id='line_1_32' title="bbox 286 3653 2631 3738; baseline -0.001 -18"><span class='ocrx_word' id='word_1_268' title='bbox 286 3654 594 3720; x_wconf 85' lang='lat' dir='ltr'>cisionem</span> <span class='ocrx_word' id='word_1_269' title='bbox 639 3673 677 3719; x_wconf 88' lang='lat' dir='ltr'>a</span> <span class='ocrx_word' id='word_1_270' title='bbox 721 3654 985 3738; x_wconf 85' lang='lat' dir='ltr'>reliquis</span> <span class='ocrx_word' id='word_1_271' title='bbox 1031 3654 1279 3738; x_wconf 89' lang='lat' dir='ltr'>oppidis</span> <span class='ocrx_word' id='word_1_272' title='bbox 1326 3653 1699 3719; x_wconf 86' lang='lat' dir='ltr'>defendendi</span> <span class='ocrx_word' id='word_1_273' title='bbox 1747 3656 1942 3720; x_wconf 89' lang='lat' dir='ltr'>erant.</span> <span class='ocrx_word' id='word_1_274' title='bbox 2034 3654 2213 3734; x_wconf 87' lang='lat' dir='ltr'>Quod</span> <span class='ocrx_word' id='word_1_275' title='bbox 2260 3655 2472 3718; x_wconf 84' lang='lat' dir='ltr'>autem</span> <span class='ocrx_word' id='word_1_276' title='bbox 2519 3673 2631 3737; x_wconf 92' lang='lat' dir='ltr'>op-</span> 
     </span>
     <span class='ocr_line' id='line_1_33' title="bbox 285 3759 2634 3845; baseline -0 -20"><span class='ocrx_word' id='word_1_277' title='bbox 285 3761 444 3845; x_wconf 85' lang='lat' dir='ltr'>pida</span> <span class='ocrx_word' id='word_1_278' title='bbox 491 3781 554 3827; x_wconf 90' lang='grc'>30</span> <span class='ocrx_word' id='word_1_279' title='bbox 601 3780 639 3826; x_wconf 86' lang='grc'>0</span> <span class='ocrx_word' id='word_1_280' title='bbox 682 3760 1160 3827; x_wconf 81' lang='lat' dir='ltr'>Monasteriensi</span> <span class='ocrx_word' id='word_1_281' title='bbox 1207 3760 1527 3844; x_wconf 87' lang='lat' dir='ltr'>republica</span> <span class='ocrx_word' id='word_1_282' title='bbox 1573 3761 1844 3827; x_wconf 88' lang='lat' dir='ltr'>distrahi</span> <span class='ocrx_word' id='word_1_283' title='bbox 1889 3779 2072 3845; x_wconf 87' lang='lat' dir='ltr'>passa</span> <span class='ocrx_word' id='word_1_284' title='bbox 2118 3760 2264 3841; x_wconf 82' lang='lat' dir='ltr'>sint,</span> <span class='ocrx_word' id='word_1_285' title='bbox 2340 3759 2462 3825; x_wconf 90' lang='lat' dir='ltr'>sibi</span> <span class='ocrx_word' id='word_1_286' title='bbox 2509 3779 2634 3826; x_wconf 92' lang='lat' dir='ltr'>non</span> 
     </span>
     <span class='ocr_line' id='line_1_34' title="bbox 291 3865 2634 3951; baseline -0 -18"><span class='ocrx_word' id='word_1_287' title='bbox 291 3888 519 3951; x_wconf 87' lang='lat' dir='ltr'>parum</span> <span class='ocrx_word' id='word_1_288' title='bbox 583 3867 963 3934; x_wconf 91' lang='lat' dir='ltr'>incommodi</span> <span class='ocrx_word' id='word_1_289' title='bbox 1031 3868 1179 3933; x_wconf 89' lang='grc'><strong>11100</strong></span> <span class='ocrx_word' id='word_1_290' title='bbox 1227 3867 1502 3933; x_wconf 90' lang='lat' dir='ltr'>accidere</span> <span class='ocrx_word' id='word_1_291' title='bbox 1562 3886 1760 3951; x_wconf 88' lang='lat' dir='ltr'>posse.</span> <span class='ocrx_word' id='word_1_292' title='bbox 1854 3866 1931 3933; x_wconf 89' lang='grc'>80</span> <span class='ocrx_word' id='word_1_293' title='bbox 1976 3867 2145 3932; x_wconf 88' lang='lat' dir='ltr'>enim</span> <span class='ocrx_word' id='word_1_294' title='bbox 2191 3886 2261 3931; x_wconf 93' lang='lat' dir='ltr'>eo</span> <span class='ocrx_word' id='word_1_295' title='bbox 2308 3865 2634 3932; x_wconf 87' lang='lat' dir='ltr'>felicitatis</span> 
     </span>
    </p>
   </div>
   <div class='ocr_carea' id='block_1_3' title="bbox 293 4014 720 4022">
    <p class='ocr_par' dir='ltr' id='par_1_3' title="bbox 293 4014 720 4022">
     <span class='ocr_line' id='line_1_35' title="bbox 293 4014 720 4022; baseline 0 0"><span class='ocrx_word' id='word_1_296' title='bbox 293 4014 720 4022; x_wconf 95' lang='lat' dir='ltr'> </span> 
     </span>
    </p>
   </div>
   <div class='ocr_carea' id='block_1_4' title="bbox 296 4093 2636 4438">
    <p class='ocr_par' dir='ltr' id='par_1_4' title="bbox 296 4093 2636 4438">
     <span class='ocr_line' id='line_1_36' title="bbox 511 4093 2635 4168; baseline -0.003 -15"><span class='ocrx_word' id='word_1_297' title='bbox 511 4101 551 4168; x_wconf 89' lang='lat'>¹)</span> <span class='ocrx_word' id='word_1_298' title='bbox 589 4099 701 4153; x_wconf 86' lang='lat' dir='ltr'>Das</span> <span class='ocrx_word' id='word_1_299' title='bbox 738 4099 932 4153; x_wconf 57' lang='grc'><strong>111-11011</strong></span> <span class='ocrx_word' id='word_1_300' title='bbox 969 4099 1066 4154; x_wconf 87' lang='lat' dir='ltr'>der</span> <span class='ocrx_word' id='word_1_301' title='bbox 1102 4098 1374 4154; x_wconf 82' lang='lat' dir='ltr'>Wortlaut</span> <span class='ocrx_word' id='word_1_302' title='bbox 1422 4099 1517 4153; x_wconf 91' lang='lat' dir='ltr'>des</span> <span class='ocrx_word' id='word_1_303' title='bbox 1553 4097 2047 4168; x_wconf 78' lang='lat' dir='ltr'>Bundesvertrages</span> <span class='ocrx_word' id='word_1_304' title='bbox 2095 4096 2192 4151; x_wconf 88' lang='lat' dir='ltr'>der</span> <span class='ocrx_word' id='word_1_305' title='bbox 2225 4093 2635 4150; x_wconf 72' lang='lat' dir='ltr'>Munsterschen</span> 
     </span>
     <span class='ocr_line' id='line_1_37' title="bbox 297 4181 2634 4259; baseline -0.002 -17"><span class='ocrx_word' id='word_1_306' title='bbox 297 4187 485 4242; x_wconf 66' lang='grc'><strong>8101110</strong></span> <span class='ocrx_word' id='word_1_307' title='bbox 522 4205 646 4242; x_wconf 74' lang='lat' dir='ltr'>vom</span> <span class='ocrx_word' id='word_1_308' title='bbox 683 4188 735 4242; x_wconf 81' lang='lat'>5.</span> <span class='ocrx_word' id='word_1_309' title='bbox 764 4189 1079 4259; x_wconf 87' lang='lat' dir='ltr'>September</span> <span class='ocrx_word' id='word_1_310' title='bbox 1122 4188 1253 4242; x_wconf 80' lang='lat'>1447</span> <span class='ocrx_word' id='word_1_311' title='bbox 1292 4188 1534 4244; x_wconf 85' lang='lat' dir='ltr'>deutlich</span> <span class='ocrx_word' id='word_1_312' title='bbox 1571 4204 1686 4243; x_wconf 86' lang='lat' dir='ltr'>aus.</span> <span class='ocrx_word' id='word_1_313' title='bbox 1741 4186 1866 4257; x_wconf 85' lang='lat' dir='ltr'>Vgl.</span> <span class='ocrx_word' id='word_1_314' title='bbox 1903 4186 1956 4242; x_wconf 87' lang='lat' dir='ltr'>J.</span> <span class='ocrx_word' id='word_1_315' title='bbox 1992 4185 2047 4240; x_wconf 90' lang='lat' dir='ltr'>N</span> <span class='ocrx_word' id='word_1_316' title='bbox 2059 4187 2118 4239; x_wconf 90' lang='grc'>10</span> <span class='ocrx_word' id='word_1_317' title='bbox 2133 4189 2300 4241; x_wconf 87' lang='lat' dir='ltr'>sert:</span> <span class='ocrx_word' id='word_1_318' title='bbox 2338 4183 2488 4240; x_wconf 82' lang='lat' dir='ltr'>U.-S.</span> <span class='ocrx_word' id='word_1_319' title='bbox 2525 4181 2634 4237; x_wconf 91' lang='lat'>111.</span> 
     </span>
     <span class='ocr_line' id='line_1_38' title="bbox 298 4272 2636 4349; baseline -0.002 -19"><span class='ocrx_word' id='word_1_320' title='bbox 298 4276 351 4331; x_wconf 91' lang='grc'>8.</span> <span class='ocrx_word' id='word_1_321' title='bbox 391 4277 471 4330; x_wconf 73' lang='grc' dir='ltr'>ῖ4.</span> <span class='ocrx_word' id='word_1_322' title='bbox 545 4276 741 4333; x_wconf 89' lang='lat' dir='ltr'>Dieser</span> <span class='ocrx_word' id='word_1_323' title='bbox 775 4277 1010 4349; x_wconf 84' lang='lat' dir='ltr'>Vertrag</span> <span class='ocrx_word' id='word_1_324' title='bbox 1043 4277 1226 4332; x_wconf 83' lang='lat' dir='ltr'>wurde</span> <span class='ocrx_word' id='word_1_325' title='bbox 1275 4278 1363 4333; x_wconf 88' lang='lat' dir='ltr'>bei</span> <span class='ocrx_word' id='word_1_326' title='bbox 1400 4277 1503 4332; x_wconf 82' lang='lat' dir='ltr'>den</span> <span class='ocrx_word' id='word_1_327' title='bbox 1544 4280 1795 4348; x_wconf 70' lang='lat' dir='ltr'>spateren</span> <span class='ocrx_word' id='word_1_328' title='bbox 1832 4275 2249 4345; x_wconf 85' lang='lat' dir='ltr'>Erneuerungen</span> <span class='ocrx_word' id='word_1_329' title='bbox 2288 4273 2383 4327; x_wconf 87' lang='lat' dir='ltr'>der</span> <span class='ocrx_word' id='word_1_330' title='bbox 2418 4272 2636 4328; x_wconf 67' lang='grc'><strong>8101110-</strong></span> 
     </span>
     <span class='ocr_line' id='line_1_39' title="bbox 296 4365 1361 4438; baseline 0.002 -18"><span class='ocrx_word' id='word_1_331' title='bbox 296 4365 587 4421; x_wconf 84' lang='lat' dir='ltr'>biindnisse</span> <span class='ocrx_word' id='word_1_332' title='bbox 625 4370 763 4421; x_wconf 75' lang='lat' dir='ltr'>stete</span> <span class='ocrx_word' id='word_1_333' title='bbox 801 4383 867 4421; x_wconf 86' lang='lat' dir='ltr'>zu</span> <span class='ocrx_word' id='word_1_334' title='bbox 904 4366 1124 4422; x_wconf 86' lang='lat' dir='ltr'>Grunde</span> <span class='ocrx_word' id='word_1_335' title='bbox 1160 4366 1361 4438; x_wconf 81' lang='lat' dir='ltr'>gelegt.</span> 
     </span>
    </p>
   </div>
  </div>
 </body>
</html>
