3259 5075
1198 295 1382 363 Anno
1441 297 1606 363 1534
1652 298 1809 363 acta.
2534 299 2666 365 503

324 473 530 557 plenis
590 474 893 557 plaustris
954 475 1201 558 praeter
1244 492 1556 539 annonam
1601 475 1666 539 et
1712 493 1888 544 arma
1929 473 2219 540 evehunt.
2311 475 2474 539 Nam
2519 495 2665 540 cum

326 580 717 646 obsidionem
764 581 889 646 sibi
934 583 1314 663 metuerent,
1363 580 1718 645 arctissima
1762 600 1833 645 ea
1876 580 2163 647 custodia
2205 581 2377 646 intra
2418 582 2666 647 moenia

327 688 615 752 coercent
658 688 829 769 adeo,
879 690 954 752 ut
997 708 1076 753 ne
1123 687 1593 772 similagineum
1662 687 1916 771 quidem
1976 707 2203 771 panem
2249 687 2455 753 efferri
2497 688 2664 772 pati-

326 794 518 858 antur
534 796 575 858 ¹.
668 793 827 859 Cum
873 794 1042 858 enim
1088 794 1393 860 Hercules
1439 794 1927 875 Hervordianus,
1974 813 2151 859 meus
2198 795 2664 860 contubernalis

326 899 392 964 et
435 900 505 964 in
551 920 617 965 re
660 900 944 965 literaria
1010 900 1377 983 commilito,
1448 901 1881 984 frequentibus
1927 900 2028 965 his
2081 900 2318 965 civium
2383 902 2663 967 motibus

325 1005 666 1072 deterritus
736 1007 1097 1089 abituriret,
1170 1007 1437 1072 maxime
1485 995 1629 1072 cum
1675 1007 1745 1072 in
1790 1007 2097 1090 superiori
2164 1009 2343 1073 motu
2407 1008 2666 1092 quidam

325 1112 656 1178 literarum
726 1113 1045 1179 studiosus
1104 1135 1218 1198 per
1262 1118 1545 1197 tempora
1588 1114 1815 1197 capitis
1877 1115 2004 1180 telo
2063 1116 2418 1180 transactus
2479 1133 2664 1180 occu-

324 1213 540 1283 bueiit
582 1240 696 1285 nec
741 1220 822 1284 ad
866 1223 1155 1304 parentes
1202 1221 1461 1286 redierit
1482 1223 1523 1303 ²,
1590 1222 1714 1286 sibi
1757 1221 2019 1305 proinde
2064 1223 2348 1286 metuens
2394 1221 2474 1285 ad
2521 1241 2664 1286 suos

324 1325 529 1390 redire
574 1326 851 1393 festinat.
907 1327 1168 1393 Etcum
1216 1327 1562 1393 sarcinulae
1608 1327 1918 1393 librorum
1964 1346 2219 1393 suorum
2265 1327 2420 1392 duos
2454 1327 2664 1411 exigui

322 1430 618 1513 ponderis
686 1452 877 1515 panes
923 1433 1204 1498 triticeos
1269 1434 1632 1516 addidisset,
1704 1434 1938 1518 quibus
1983 1433 2239 1515 famem,
2290 1433 2347 1498 si
2391 1434 2551 1499 forte
2595 1434 2664 1498 in

323 1537 551 1602 itinere
597 1557 755 1621 opus
787 1542 968 1621 03301,
1018 1540 1280 1621 sedaret,
1328 1542 1769 1625 progredimur
1798 1541 1877 1606 ad
1921 1543 2170 1624 portam
2215 1540 2662 1605 Horsthanam.

322 1643 429 1708 Ibi
473 1645 769 1710 continuo
801 1646 1089 1712 custodes
1121 1647 1350 1712 armati
1381 1668 1492 1713 nos
1540 1649 2018 1731 apprehendunt
2050 1650 2113 1712 et
2145 1649 2524 1728 scrutantur,
2564 1666 2663 1712 re-

321 1750 522 1832 pertis
569 1753 779 1817 autem
822 1753 1094 1836 panibus
1136 1755 1214 1818 ab
1247 1773 1499 1837 egressu
1544 1774 1657 1819 nos
1692 1757 1921 1834 arcent,
1972 1754 2163 1818 donec
2195 1773 2296 1818 eos
2343 1753 2409 1817 in
2441 1755 2662 1817 urbem

322 1856 745 1924 retulerimus.
807 1859 896 1924 At
940 1879 1052 1924 003
1098 1860 1167 1924 10
1214 1863 1549 1943 conspectu
1595 1860 2001 1926 frementium
2047 1859 2381 1924 custodum
2425 1859 2663 1923 ventri-

322 1962 446 2027 bus
490 1965 720 2029 nostris
753 1985 854 2031 eos
901 1967 1291 2032 committere
1335 1968 1696 2033 maluimus.
1764 1968 1888 2033 Ubi
1935 1986 2080 2032 vero
2124 1984 2315 2049 panes
2363 1966 2661 2048 absump-

323 2068 639 2152 3133010113,
686 2091 997 2156 rogamuS,
1044 2074 1313 2139 liceatne
1344 2094 1510 2140 nunc
1542 2074 1771 2158 egredi.
1842 2074 2105 2156 „Itote,“
2153 2072 2472 2157 inquiunt,
2513 2090 2663 2154 „vos

321 2177 688 2242 verberones
748 2178 817 2243 in
878 2180 1111 2244 malam
1179 2199 1429 2245 crucem
1494 2200 1819 2265 nunquam
1887 2179 2155 2245 redituri
2175 2180 2230 2243 !“
2325 2179 2455 2262 Ego
2515 2198 2664 2244 cum

323 2283 815 2350 commilitonem
862 2286 931 2350 in
976 2286 1144 2352 viam
1188 2287 1602 2369 deduxissem,
1652 2307 1764 2370 per
1809 2289 2055 2369 portam
2100 2285 2548 2350 Mauritianam
2592 2285 2660 2350 in

321 2389 545 2453 urbem
602 2392 914 2474 revertor3
983 2413 1095 2475 per
1139 2394 1400 2458 eandem
1445 2393 1643 2474 enim,
1714 2412 1837 2476 qua
1882 2392 2215 2473 exivimus,
2285 2391 2488 2457 redire
2534 2410 2659 2456 non

322 2496 625 2578 putabam
669 2497 832 2563 mihi
876 2498 1034 2564 utile
1064 2499 1211 2566 fore.
1275 2500 1415 2566 Non
1445 2501 1657 2565 tamen
1701 2501 1833 2565 tam
1877 2499 2135 2565 fuerunt
2179 2498 2468 2564 custodes
2512 2517 2660 2582 por-

321 2604 533 2668 tarum
578 2605 830 2687 oculati,
879 2606 1035 2690 quin
1066 2626 1103 2671 a
1132 2607 1382 2672 feminis
1430 2609 1548 2672 sub
1582 2607 1863 2690 pelliceis
1911 2607 2193 2672 vestibus
2227 2624 2418 2689 supra
2462 2606 2659 2670 lineas

322 2868 451 2936 „dat
486 2869 663 2923 malck
701 2888 759 2924 so
797 2887 982 2925 300100
1019 2871 1119 2925 11111
1157 2871 1320 2940 101011,
1358 2872 1565 2926 hebben
1605 2889 1663 2926 se
1701 2889 1871 2943 eynen
1914 2872 2084 2927 recess
2122 2870 2393 2941 geslotten
2431 2910 2443 2922 .
2466 2910 2478 2921 .
2501 2870 2546 2921 ,⁴⁶
2589 2898 2657 2908 —

316 2957 473 3012 Auch
507 2959 647 3012 nach
699 2960 1106 3015 Rothmann:
1145 2960 1481 3015 Restitution
1519 2978 1568 3016 a.
1594 2978 1647 3016 a.
1674 2961 1739 3017 O.
1776 2962 1830 3017 S.
1876 2962 1972 3015 109
2011 2962 2240 3030 beginnt
2275 2958 2363 3014 die
2400 2958 2657 3013 Auswan·

319 3046 529 3118 derung
578 3065 666 3103 am
708 3052 788 3103 11.
826 3050 1068 3104 Februar
1121 3049 1233 3103 und
1269 3050 1462 3104 dauert
1499 3050 1609 3105 fort
1662 3051 1745 3106 bis
1783 3067 1906 3104 zum
1942 3050 2028 3105 27.
2065 3051 2221 3103 Febr.
2261 3079 2326 3086 —
2365 3047 2433 3103 H.
2470 3048 2656 3117 Dorp

316 3134 403 3192 Bl.
429 3137 479 3190 D
499 3137 563 3190 3v
597 3140 738 3192 setzt
774 3137 862 3191 die
888 3138 1006 3192 Zeit
1043 3140 1396 3193 unbesfimmt
1435 3140 1592 3204 „umb
1624 3139 1712 3194 die
1735 3139 2064 3193 Fastnacht“
2095 3155 2166 3193 an
2202 3137 2312 3191 und
2347 3137 2535 3207 bringt
2570 3136 2658 3192 die

317 3224 519 3281 Flucht
557 3225 652 3280 der
691 3226 992 3292 „Reichen“
1031 3227 1090 3280 in
1129 3227 1597 3297 Zusammenhang
1641 3229 1746 3282 mit
1780 3227 1902 3281 dem
1945 3228 2160 3297 grossen
2199 3227 2383 3296 Zuzug
2418 3241 2515 3279 aus
2552 3224 2659 3279 den

315 3313 716 3369 benachbarten
755 3315 925 3370 Orten
960 3313 1100 3368 nach
1136 3315 1382 3370 Miinster
1417 3315 1528 3370 hin.

536 3405 577 3461 ¹)
614 3404 684 3458 So
723 3404 862 3458 auch
915 3404 1013 3458 das
1053 3404 1409 3475 „Tagebuch“
1451 3422 1499 3460 a.
1528 3423 1574 3460 a.
1603 3405 1696 3461 O.:
1757 3445 1802 3472 „.
1825 3445 1838 3458 .
1862 3446 1875 3460 .
1912 3422 2036 3459 men
2072 3404 2208 3458 hefft
2244 3420 2415 3473 eyuen
2461 3403 2655 3472 jderen

317 3491 415 3546 dat
450 3510 582 3563 syne
605 3492 802 3563 volgen
836 3492 1043 3561 lathen,
1079 3494 1181 3547 11111
1217 3493 1537 3564 gescheiden
1561 3498 1673 3548 wat
1708 3494 1821 3548 sick
1858 3511 1928 3547 an
1956 3493 2212 3563 privando
2250 3492 2446 3546 111-00011
2481 3494 2654 3545 moste

315 3597 439 3635 11100
475 3583 534 3636 10
568 3583 665 3636 1101
699 3582 851 3637 stadt
886 3582 1052 3649 laten,
1109 3583 1222 3636 und
1257 3582 1393 3637 solix
1428 3581 1566 3637 hefft
1599 3600 1724 3637 men
1760 3583 1865 3637 den
1899 3584 2158 3651 borgeren
2198 3584 2407 3651 gegunt
2442 3579 2558 3634 bess
2595 3582 2652 3633 to

317 3669 440 3724 dem
494 3671 731 3742 sondage
784 3671 1096 3726 Invocavit“
1140 3674 1247 3740 (2⁶2.
1284 3671 1483 3738 Febr.).
1521 3700 1589 3710 —
1625 3670 2183 3726 Uebereinstimmend
2231 3670 2468 3724 schreibt
2515 3668 2655 3723 auch

314 3758 379 3814 P.
416 3758 812 3815 Plateanus
849 3778 897 3815 a.
928 3777 979 3815 a.
1007 3759 1070 3814 Ο.
1108 3759 1195 3815 Bl.
1235 3758 1278 3813 C
1303 3763 1384 3814 lv:
1446 3798 1565 3827 „...
1603 3759 1824 3829 plurimi
1878 3760 2076 3813 civium
2129 3762 2320 3828 sponte
2376 3757 2652 3812 exulatum

315 3849 585 3903 abierunt.
657 3849 759 3903 His
795 3851 1028 3919 primum
1064 3866 1150 3904 res
1187 3865 1313 3903 suas
1368 3851 1648 3919 exportare
1700 3844 2044 3918 permissum,
2099 3848 2205 3901 nisi
2240 3847 2287 3901 si
2324 3845 2456 3918 quid
2503 3863 2650 3902 03011-

314 3936 525 3991 10010111
561 3941 661 3991 aut
710 3936 1059 4007 poculentum
1095 3941 1253 3993 esset.
1325 3937 1533 3992 Horum
1569 3939 1713 3992 enim
1751 3937 1884 3991 adeo
1921 3936 2060 3990 nihil
2097 3935 2274 3990 efferri
2325 3938 2454 3990 sunt
2487 3936 2650 4005 passi,

314 4029 381 4080 ut
415 4025 732 4081 mulieribus
769 4027 1108 4097 quibusdam,
1146 4044 1285 4098 quae
1318 4044 1514 4098 agmen
1549 4026 1840 4081 infantium
1878 4026 2078 4096 partim
2115 4024 2363 4079 ferebant
2395 4025 2454 4077 in
2489 4023 2650 4093 ulnis,

313 4115 516 4184 partim
540 4114 611 4168 ad
633 4131 825 4169 manus
862 4116 1170 4185 trahebant,
1205 4116 1427 4170 vascula
1461 4116 1717 4170 cervisiae
1754 4114 1918 4185 plena
1943 4153 1955 4167 .
1978 4154 1991 4166 .
2014 4153 2027 4166 .
2054 4112 2354 4167 adimerent
2388 4113 2649 4183 ipsorum-

313 4220 420 4275 que
457 4221 486 4259 e
522 4204 773 4259 manibus
808 4203 1103 4259 infantium
1135 4220 1304 4273 panes
1340 4206 1583 4259 triticeos
1622 4244 1636 4257 .
1659 4243 1671 4256 .
1692 4243 1706 4255 .
1743 4204 2044 4274 raperent.“

530 4292 575 4362 2)
616 4291 802 4360 „Auch
837 4293 1090 4348 schossen
1127 4294 1255 4362 sie,“
1295 4293 1564 4348 berichtet
1598 4293 1667 4347 H.
1703 4293 1887 4363 Dorp
1923 4291 2009 4346 Bl.
2033 4291 2083 4345 D
2105 4293 2182 4358 2⁷,
2223 4292 2411 4357 „einen
2440 4291 2651 4361 jungen

310 4397 417 4436 von
452 4381 881 4454 Burgstenforde
916 4382 1033 4437 auff
1064 4382 1187 4439 dem
1224 4382 1480 4454 Speicher
1514 4381 1642 4437 hose
1679 4398 1746 4437 zu
1781 4381 1956 4438 10110.“
