3259 5075
609 273 735 337 728
1467 276 1649 341 Anno
1709 280 1872 342 1534
1917 281 2073 344 acta.

603 468 640 511 a
671 448 856 512 Patre
903 449 1211 515 divinitus
1260 451 1602 515 revelatum
1637 472 1785 532 esse,
1837 456 1910 517 ut
1940 454 2315 519 christianos
2362 457 2584 521 fratres
2617 458 2945 522 Wesaliae.

601 554 1000 635 Daventriae,
1051 556 1538 621 Amstelrodami
1585 541 1665 622 et
1702 578 1815 641 per
1859 560 2058 623 totam
2118 561 2520 626 Germaniam
2590 565 2943 628 inferiorem

600 659 939 741 dissipatos
987 661 1054 724 in
1087 680 1285 725 unum
1332 663 1675 727 exercitum
1723 664 1800 727 ad
1846 663 2237 729 liberandam
2282 668 2504 731 urbem
2545 668 2830 752 colligat-3
2884 688 2943 733 80

600 765 839 847 aliquot
871 766 1074 830 millia
1106 769 1493 831 armatorum
1524 769 1591 831 in
1626 770 1906 833 omnium
1955 770 2314 853 principum
2346 773 2716 838 Germaniae
2747 775 2940 839 inter-

598 871 919 935 necionem
951 874 1014 936 et
1060 872 1236 936 urbis
1268 874 1698 938 Israheliticae
1743 876 2179 941 liberationem
2212 881 2606 962 coacturum3
2657 900 2720 944 se
2756 881 2942 945 illum

595 978 754 1059 fore,
827 980 938 1061 qui
984 998 1209 1044 novam
1269 981 1786 1063 Hyerosolymam
1854 985 2092 1049 abactis
2154 984 2443 1049 hostibus
2491 987 2568 1049 ab
2617 987 2938 1051 obsidione

594 1083 979 1148 liberaturus
1029 1085 1141 1166 sit3
1193 1106 1256 1150 se
1298 1088 1467 1151 certa
1512 1088 1744 1152 fiducia
1790 1089 1880 1152 rei
1926 1089 2195 1153 feliciter
2240 1088 2658 1153 conficiendae
2703 1091 2939 1153 fretum

592 1188 660 1252 in
707 1191 976 1271 gratiam
1046 1192 1432 1257 confratrum
1502 1212 1758 1258 suorum
1805 1196 1967 1259 hanc
2035 1194 2599 1277 peregrinationem
2669 1195 2939 1259 libenter

397 1348 409 1360 .
504 1312 514 1356 3
558 1298 1038 1377 ‚suscepturum
1084 1301 1146 1362 et
1192 1299 1310 1363 11οο
1370 1301 1724 1381 periculum
1771 1299 2029 1383 *sponte
2090 1320 2205 1365 sua
2249 1302 2434 1364 Patre
2495 1302 2738 1365 volente
2786 1303 2937 1367 sub-

593 1400 867 1481 iturum3
919 1422 1129 1468 omnes
1162 1404 1385 1469 fratres
1420 1406 1496 1470 ad
1541 1407 1930 1489 praesidium
1961 1407 2286 1470 ferendum
2317 1426 2449 1471 esse
2479 1408 2931 1489 paratissimOS,

594 1505 648 1567 si
695 1498 917 1571 saltem
966 1514 1132 1573 certo
1180 1510 1416 1574 indicio
1465 1512 1627 1593 regis
1677 1513 1958 1576 animum
2005 1515 2380 1595 cognoscant
2403 1516 2439 1576 ¹.
2509 1513 2675 1595 Rege
2722 1514 2935 1596 itaque

591 1613 842 1675 auctore
889 1616 951 1678 et
998 1615 1407 1679 extimulante
1447 1617 1788 1680 Wesaliam
1834 1620 2020 1699 atque
2066 1618 2135 1680 in
2181 1617 2334 1681 alias
2384 1618 2670 1683 civitates
2717 1619 2937 1683 eodem

591 1716 928 1782 schismate
998 1718 1259 1784 infectas
1322 1741 1385 1785 se
1429 1724 1860 1804 profecturum
1920 1723 2172 1805 recipit,
2238 1725 2311 1786 ut
2358 1724 2935 1788 confoederatorum

588 1842 923 1888 numerum
971 1845 1081 1890 suo
1130 1825 1437 1908 dogmate,
1488 1847 1632 1892 cum
1680 1828 1988 1911 propheta
2026 1849 2061 1893 a
2091 1848 2235 1912 rege
2281 1829 2634 1910 haberetur,
2685 1833 2930 1911 augeat,

587 1928 868 1994 illustret
914 1933 977 1995 et
1023 1933 1367 2015 confirmet,
1434 1933 1584 1998 111110
1631 1934 1878 1998 008ᾶο111
1924 1935 1990 1998 111
2037 1934 2420 2017 praesidium
2466 1955 2659 1999 novae
2707 1936 2930 2016 Syonis

585 2035 663 2097 ad
697 2054 870 2100 arma
900 2038 1188 2102 concitet.
1252 2039 1432 2103 Fidei
1463 2042 1675 2104 autem
1705 2039 2005 2122 plenioris
2038 2040 2354 2104 faciendae
2385 2041 2590 2123 gratia
2622 2042 2933 2123 scriptum

584 2140 684 2203 illi
729 2144 960 2207 annulo
1029 2144 1368 2225 signatorio
1437 2146 1664 2211 maiori
1724 2147 1888 2228 regis
1950 2147 2273 2210 munitum
2341 2147 2617 2211 traditur
2661 2147 2728 2210 in
2774 2148 2928 2212 haec

584 2247 773 2310 verba
800 2249 848 2311 2:

803 2355 967 2435 „Nos
1014 2356 1276 2420 Ioannes
1339 2376 1446 2420 rex
1491 2357 1698 2421 iustus
1743 2359 1891 2421 novi
1956 2359 2180 2440 templi
2229 2361 2291 2422 et
2336 2351 2626 2422 minister
2672 2359 2790 2422 Dei
2838 2359 2931 2423 al-

573 2459 816 2524 tissimi
877 2460 1167 2525 omnibus
1215 2464 1278 2526 et
1325 2463 1593 2546 singulis
1656 2463 2021 2528 christianis
2088 2464 2391 2528 fratribus
2452 2464 2698 2528 foedere
2745 2465 2929 2528 nobis

574 2566 954 2631 consociatis
1000 2568 1101 2631 his
1135 2569 1364 2632 nostris
1413 2569 1666 2651 scriptis
1699 2572 1920 2634 notum
1957 2570 2241 2651 facimus,
2293 2571 2456 2653 quod
2502 2571 2672 2635 hunc
2717 2591 2928 2652 gram-

578 2674 1024 2755 matophorum
1068 2675 1415 2739 Henricum
1455 2675 1667 2757 Graes,
1718 2677 2086 2758 prophetam
2129 2676 2335 2740 Patris
2393 2676 2677 2740 coelestis
2723 2676 2927 2758 inspi-

796 2922 837 2989 ¹)
875 2922 1000 2991 Vgl.
1041 2939 1134 2975 zur
1172 2922 1343 2976 Sache
1400 2921 1495 2976 das
1533 2923 1867 2976 Bekenntnis
1903 2923 2101 2976 Bernh.
2139 2923 2484 2991 Krechting⁷s
2527 2940 2648 2976 vom
2684 2922 2768 2974 25.
2809 2920 2928 2974 Juli

580 3009 717 3062 1535
776 3010 869 3076 (M.
912 3009 1067 3075 G.-Q.
1106 3009 1182 3078 II,
1222 3010 1367 3078 380),
1422 3010 1562 3064 nach
1602 3010 1724 3064 dem
1777 3011 1844 3064 H.
1884 3012 2052 3065 Graes
2108 3014 2326 3081 gesagt,
2387 3011 2516 3076 „dat
2550 3010 2624 3079 hy
2659 3027 2763 3063 van
2802 3009 2926 3062 dem

576 3098 756 3151 Vader
793 3098 889 3151 der
937 3098 1281 3166 gefenckenis
1318 3099 1521 3152 verlost
1554 3116 1677 3166 wer,
1734 3099 1844 3152 und
1883 3099 2002 3152 dair
2037 3100 2181 3152 neist
2217 3099 2542 3167 verkundigt
2585 3098 2658 3167 hy
2697 3114 2798 3151 oen
2837 3099 2926 3149 0111

578 3185 860 3239 onteillich
896 3187 1075 3254 volck,
1114 3187 1226 3240 und
1267 3186 1363 3241 das
1401 3205 1459 3240 so
1497 3187 1634 3254 voel,
1692 3187 1772 3241 als
1811 3187 1907 3240 der
1943 3191 2159 3241 sternen
2196 3189 2251 3240 in
2290 3187 2413 3240 dem
2448 3185 2627 3240 hemel
2680 3185 2791 3239 und
2827 3186 2923 3238 des

577 3279 731 3327 zantz
769 3276 827 3328 in
852 3275 971 3327 dom
997 3275 1181 3328 meher
1204 3292 1327 3342 wer,
1366 3275 1676 3341 erweicken‚
1714 3275 1948 3328 dieselve
1973 3279 2029 3328 to
2057 3277 2236 3344 sampt
2260 3275 2362 3328 den
2390 3275 2579 3327 steden
2618 3274 2698 3326 als
2725 3272 2921 3338 Wesel,

575 3362 933 3431 Amsterdam,
970 3363 1241 3416 Deventer
1276 3363 1387 3416 und
1425 3363 1593 3417 ander
1627 3380 1729 3416 oon
1766 3363 1994 3432 bystaen
2038 3363 2148 3416 und
2186 3367 2243 3416 to
2279 3361 2412 3431 hulp
2451 3362 2642 3415 komen
2681 3361 2919 3414 solden.“

574 3451 791 3504 Johann
830 3469 877 3506 v,
916 3451 1118 3505 Leiden
1174 3451 1392 3520 gosteht
1447 3469 1535 3505 am
1572 3451 1822 3520 gleichen
1859 3452 2009 3520 Tage
2066 3452 2161 3517 (M.
2202 3451 2340 3515 (αὶ-Ω
2396 3449 2472 3517 ΙΙ,
2511 3450 2659 3516 373),
2715 3451 2814 3502 wie
2852 3449 2922 3503 H.

575 3539 744 3592 Graes
782 3540 1057 3608 geaussert
1092 3539 1248 3605 habe,
1290 3539 1395 3610 „hy
1433 3539 1520 3593 die
1556 3539 1785 3593 brueder
1822 3541 1877 3593 in
1916 3539 2038 3593 dem
2074 3538 2448 3592 Watterlande
2484 3537 2594 3590 und
2633 3554 2724 3591 sus
2761 3537 2923 3590 aller-

574 3644 759 3696 wegeu
798 3627 1108 3697 upbrengen
1148 3627 1259 3680 und
1297 3629 1375 3681 sie
1412 3628 1531 3681 dair
1567 3627 1722 3681 mede
1759 3630 2035 3681 ontsetten
2071 3626 2290 3680 wolde.“
2366 3625 2525 3679 Nach
2561 3624 2919 3695 Knipperdol-

573 3715 737 3785 ling's
772 3716 1015 3785 Aussage
1054 3716 1148 3782 (M.
1179 3715 1338 3781 G.-Q.
1364 3715 1442 3784 II,
1469 3715 1598 3782 378)
1639 3716 1794 3770 hatte
1831 3716 1899 3770 H.
1928 3715 2095 3769 Graes
2132 3714 2358 3782 erzahlt,
2400 3715 2530 3780 „wie
2567 3713 2641 3783 hy
2679 3715 2737 3767 in
2773 3715 2925 3767 einer

572 3805 813 3858 visionen
865 3803 976 3857 und
1012 3805 1321 3872 get-uegnil's
1360 3804 1545 3872 gesien
1581 3803 1703 3870 heb,
1761 3803 1859 3857 dat
1893 3803 2016 3856 vuel
2051 3802 2234 3857 volcks
2269 3803 2342 3872 by
2381 3803 2468 3856 ein
2506 3800 2674 3855 ander
2727 3801 2920 3854 komen

574 3892 684 3945 und
721 3894 797 3946 sie
836 3891 1097 3946 erloel'sen
1136 3891 1309 3959 solde,
1366 3892 1477 3945 und
1515 3891 1613 3945 dat
1647 3891 1721 3961 hy
1760 3892 1879 3945 dair
1914 3891 2115 3945 hinnen
2151 3892 2327 3945 1018011
2382 3890 2492 3943 und
2529 3907 2602 3959 up
2642 3890 2729 3943 ein
2766 3889 2923 3943 seker

571 3996 667 4034 ure
704 3981 776 4050 by
814 3981 893 4034 sie
930 3982 1013 4033 sin
1051 3981 1303 4034 moeste.“
1380 3979 1507 4049 Vgl.
1545 3980 1685 4032 auch
1723 3980 1783 4032 L.
1822 3979 2226 4032 Hortensius
2265 3978 2319 4033 S.
2355 3979 2444 4032 40.

786 4067 828 4135 ²)
866 4068 986 4121 Nur
1022 4067 1191 4121 durch
1215 4067 1396 4121 Κο188.
1422 4066 1754 4121 iiberliefert.
1803 4065 1871 4120 In
1896 4067 1993 4120 der
2016 4066 2354 4120 Instruktion
2392 4065 2481 4119 fiir
2505 4065 2716 4119 Worms
2752 4065 2921 4118 heifst

574 4172 652 4209 es:
698 4154 856 4220 „Also
881 4155 980 4209 hat
1014 4157 1122 4209 ime
1148 4155 1243 4210 der
1264 4155 1498 4209 koninck
1535 4155 1743 4225 zergelt
1773 4156 1946 4224 geben
1983 4155 2095 4208 und
2118 4156 2222 4208 mit
2257 4156 2453 4209 zweien
2480 4152 2715 4206 anderen
2739 4155 2921 4222 sampt

572 4260 743 4312 eynen
780 4244 1019 4312 pitseher
1055 4244 1167 4298 und
1204 4245 1372 4298 ander
1408 4243 1739 4298 warzeichen
1795 4243 1914 4298 auss
1952 4244 2048 4297 der
2083 4242 2236 4297 stadt
2279 4244 2367 4297 bei
2402 4241 2740 4296 nechtlicher
2773 4240 2924 4295 weill

570 4329 904 4399 vergleitet.“
