3259 5075
1199 295 1384 361 Anno
1438 295 1609 361 1534
1652 297 1811 361 aeta.
2544 295 2678 361 599

325 474 600 558 lapideis
648 472 878 539 statuis
924 493 962 538 a
993 472 1398 556 sarcophagis
1427 491 1464 537 e
1496 470 1752 555 templis
1796 471 2035 555 passim
2081 471 2278 554 raptis
2299 473 2322 511 ¹
2366 471 2461 536 ita
2505 471 2679 537 intus

327 579 573 644 inferne
618 578 915 659 fulciunt,
964 580 1039 643 ut
1067 579 1313 643 meatus
1346 578 1412 643 et
1457 577 1739 642 cuniculi
1786 577 2013 642 subtus
2052 576 2510 660 relinquantur.
2576 576 2681 643 Sic

329 687 543 750 autem
588 685 749 750 istae
794 685 991 751 moles
1036 685 1414 767 prominent,
1464 684 1557 749 sic
1585 685 1821 766 extant,
1869 683 1960 749 sic
1991 686 2166 749 extra
2210 702 2424 749 omnes
2469 683 2681 748 muni-

329 792 535 857 tiones
582 792 950 873 excurrunt,
1020 794 1097 856 ut
1140 790 1441 874 oppidani
1502 790 1856 855 missilibus
1916 809 2166 855 omnem
2209 790 2341 854 vim
2399 789 2682 854 hostium

329 895 524 962 etiam
571 916 609 962 a
652 898 838 962 fossis
906 898 1225 981 prioribus
1286 896 1471 961 facile
1517 916 1726 961 arcere
1771 898 2022 980 queant.
2114 897 2411 980 Improbo
2469 898 2683 961 tamen

329 1005 564 1087 labore,
635 1024 759 1088 quo
806 1024 1036 1089 magna
1080 1006 1339 1070 aestatis
1385 1023 1531 1087 pars
1578 1003 1975 1087 transigitur,
2039 1022 2231 1087 agger
2277 1002 2685 1087 Offerkampii

330 1111 409 1176 ad
442 1111 681 1195 priores
712 1111 909 1178 fossas
943 1111 1238 1194 volvitur,
1275 1130 1728 1195 supremusque
1758 1110 2179 1194 agricolarum
2208 1110 2357 1175 ordo
2390 1110 2685 1175 tellurem

328 1218 400 1282 in
444 1217 644 1283 fossas
688 1218 1086 1301 praecipitat.
1148 1217 1352 1298 Quam
1384 1237 1516 1283 rem
1546 1217 1848 1301 oppidani
1895 1216 2366 1282 dissimulanter
2396 1216 2684 1300 aliquan-

330 1321 445 1388 diu
504 1323 972 1405 sustinuerunt,
1042 1327 1117 1389 ut
1182 1343 1298 1389 sua
1357 1324 1569 1408 quiete
1629 1325 1842 1390 hostes
1909 1323 2171 1406 propius
2232 1324 2351 1388 sub
2410 1322 2682 1388 telorum

330 1427 609 1494 *iactum
654 1429 998 1496 allicerent.
1058 1429 1219 1496 Cum
1249 1449 1396 1495 vero
1430 1449 1568 1495 eam
1610 1429 1913 1495 iniuriam
1959 1429 2202 1495 diutius
2250 1428 2375 1494 sibi
2418 1447 2547 1493 non
2589 1428 2683 1493 fe·
2706 1441 2805 1515 *μ
2842 1441 2967 1500 501.

328 1534 593 1599 rendam
650 1555 784 1600 esse
852 1536 1312 1619 existimarent,
1383 1537 1664 1621 primum
1724 1556 1797 1602 ex
1857 1536 2115 1602 adverso
2177 1534 2680 1619 Offerkampiano

325 1641 546 1725 aggeri
591 1641 882 1707 ballistas
928 1643 1212 1727 erigunt,
1275 1644 1507 1727 quibus
1553 1662 1849 1727 magnam
1909 1662 2090 1726 saepe
2137 1642 2391 1708 silicum
2436 1641 2683 1724 copiam

329 1747 661 1812 excutiunt
705 1750 770 1813 et
814 1768 1084 1832 superne
1129 1750 1199 1813 in
1245 1749 1552 1833 agricolas
1600 1750 1928 1833 spargunt,
1995 1748 2142 1813 inde
2188 1768 2260 1813 ex
2300 1746 2681 1813 transversis

327 1854 828 1937 propugnaculis
861 1856 926 1919 et
969 1855 1245 1921 molibus
1278 1874 1491 1920 recens
1538 1856 1841 1921 extructis
1884 1858 2065 1921 tanta
2094 1854 2510 1919 multitudine
2554 1854 2682 1918 tela

328 1958 592 2042 iaciunt,
643 1962 719 2025 ut
748 1961 818 2025 in
849 1979 1073 2044 aggere
1119 1961 1506 2027 consistendi
1552 1964 1831 2046 potestas
1878 1961 1966 2027 sit
1996 1961 2180 2043 nulli,
2228 1979 2427 2044 neque
2473 1959 2683 2024 ullum

329 2065 462 2131 fere
518 2065 796 2131 iaculum
845 2086 919 2132 ex
963 2067 1118 2132 locis
1165 2067 1540 2132 editioribus
1608 2067 1877 2132 missum
1938 2067 2194 2160 irritum
2238 2065 2364 2131 fuit
2381 2067 2423 2131 ².
2512 2065 2681 2132 Aliis

329 2171 534 2255 igitur
575 2172 996 2257 interemptiS,
1044 2173 1188 2238 aliis
1235 2173 1605 2256 vulneratiS,
1655 2174 1800 2239 aliis
1846 2192 1990 2239 vero
2020 2194 2096 2239 ex
2139 2194 2297 2239 novo
2344 2192 2527 2257 opere
2573 2173 2682 2239 de-

331 2277 609 2344 turbatis
657 2277 995 2344 consilium
1053 2279 1461 2363 Offerkampii
1507 2299 1635 2345 non
1681 2280 1886 2345 solum
1932 2280 2146 2346 fructu
2191 2280 2413 2363 caruit,
2463 2300 2682 2346 verum

331 2384 526 2449 etiam
571 2384 878 2467 agricolas
924 2385 1250 2452 immensis
1295 2387 1621 2452 laboribus
1669 2388 1733 2452 et
1778 2386 2139 2470 sumptibus
2180 2387 2430 2452 attrivit
2473 2387 2679 2471 pluri-

328 2487 575 2573 misque
642 2483 1135 2557 internecionem
1205 2493 1427 2559 attuh‘t
1446 2494 1473 2532 ⁸
1518 2494 1585 2558 et
1626 2493 1955 2577 pratorum
2021 2492 2302 2573 dominia
2369 2492 2675 2560 confudit.

331 2596 420 2661 Ut
463 2599 674 2661 autem
719 2599 893 2662 certa
937 2596 1101 2663 ratio
1148 2599 1439 2664 excubias
1503 2598 1731 2684 agendi
1775 2598 1846 2662 in
1892 2600 2047 2664 urbe
2093 2599 2401 2665 habeatur
2416 2602 2462 2682 ⁴,
2512 2599 2679 2664 seni-

331 2721 468 2767 ores
520 2704 619 2768 13.
665 2703 837 2767 Iunii
888 2704 1207 2769 communi
1254 2705 1514 2771 consilio
1562 2725 1768 2788 sene3‚
1816 2706 2290 2790 ludimagistros
2307 2708 2352 2787 ὃ,
2401 2705 2677 2771 sarcina·
2706 2717 2772 2760 1⁸·
2801 2713 2939 2762 Juni-

547 2948 591 3017 ¹)
626 2949 750 3019 vgl.
792 2951 933 3005 auch
969 2952 1107 3006 oben
1146 2951 1200 3006 S.
1237 2952 1359 3005 554.
1416 2981 1483 2990 —
1543 2951 1586 3021 ²)
1622 2952 1749 3022 vgl.
1787 2952 1928 3006 dazu
1976 2952 2079 3005 den
2116 2950 2340 3005 Bericht
2374 2950 2444 3005 H.
2484 2951 2679 3007 Gres—

328 3036 552 3092 beck’s
607 3037 662 3093 S.
700 3039 828 3093 5612
902 3040 1083 3094 Ueber
1137 3042 1293 3095 einen
1352 3039 1680 3112 erfolglosen
1716 3040 1932 3095 Ausfall
1987 3040 2084 3095 der
2117 3040 2445 3110 Belagerten
2501 3058 2589 3095 am
2630 3041 2678 3095 7.

329 3124 481 3195 Juni‚
518 3142 612 3180 um
648 3127 738 3181 die
773 3127 1032 3183 Arbeiten
1070 3128 1167 3182 der
1205 3128 1414 3183 Graber
1451 3145 1518 3182 zu
1554 3129 1894 3197 verhindern,
1933 3128 2214 3183 schreiben
2250 3129 2339 3182 die
2377 3128 2678 3183 clevischen

327 3213 470 3268 Bate
505 3230 577 3267 an
615 3213 924 3271 demselben
962 3216 1114 3286 Tage
1160 3216 1255 3284 (M.
1295 3216 1451 3283 (ah-Q„
1489 3216 1567 3286 IL
1603 3217 1752 3284 252).

510 3301 555 3371 ⁸)
594 3303 758 3357 Scine
782 3304 1144 3374 Schilderung
1169 3305 1266 3359 der
1289 3305 1815 3376 Ergebnislosigkeit
1841 3306 1935 3361 des
1962 3305 2456 3377 Offerkamp’schen
2480 3306 2678 3361 Unter-

329 3390 588 3446 nehmens
627 3392 874 3446 schliefst
909 3393 976 3448 D.
1013 3393 1202 3448 Lilie
1241 3393 1295 3449 S.
1333 3395 1440 3447 240
1470 3395 1574 3448 mit
1609 3394 1714 3448 den
1753 3395 2004 3449 Worten:
2049 3396 2233 3463 „Hefft
2269 3413 2335 3450 en
2372 3395 2527 3450 nicht
2556 3394 2679 3449 vele

328 3478 496 3534 bathe
532 3479 763 3550 gedain3
800 3484 975 3536 wante
1013 3481 1313 3536 darbinnen
1348 3482 1594 3536 bohende
1630 3483 1802 3537 boven
1838 3488 2043 3554 gewest
2078 3487 2179 3553 sin,
2218 3485 2284 3539 de
2308 3484 2677 3539 meisterliken

327 3567 387 3622 in
425 3567 550 3623 dem
585 3569 966 3641 krigeshandel
1001 3570 1266 3639 vorsu-en,
1320 3570 1436 3625 also
1474 3570 1571 3625 dat
1605 3589 1731 3626 men
1769 3589 1905 3627 enne
1942 3572 2040 3627 dat
2076 3579 2132 3627 to
2169 3577 2343 3628 moste
2393 3590 2580 3644 geren,
2617 3590 2678 3628 so

329 3673 388 3711 se
427 3658 546 3712 eine
597 3659 973 3730 rechtverdige
1013 3659 1142 3715 sake
1196 3659 1408 3715 hedden
1459 3660 1775 3730 vorgehadt,
1830 3678 1953 3716 men
2008 3660 2158 3716 solde
2195 3678 2253 3716 se
2307 3661 2677 3717 altosamende

327 3761 426 3800 vor
460 3745 607 3801 allen
643 3746 991 3817 krigesluden
1027 3748 1290 3818 gekronet
1325 3747 1469 3802 unde
1506 3752 1563 3803 to
1599 3748 1786 3803 ridder
1820 3748 2110 3819 gesclagen
2146 3749 2356 3805 hebben
2396 3790 2411 3802 .
2433 3790 2444 3801 .
2468 3751 2514 3801 .“

545 3834 591 3897 ⁴)
630 3834 706 3887 Zu
744 3834 848 3888 den
886 3834 1246 3905 allgemeinen
1272 3836 1701 3907 Verordnungen
1740 3836 1836 3890 der
1868 3836 2152 3893 Aeltesten
2189 3837 2322 3891 iiber
2357 3837 2445 3891 die
2475 3836 2676 3892 Wache

327 3922 2118 3993 vergi.obenS.582A1t.4u.5undS.583Art.9u.10.

543 4010 590 4080 ⁶)
625 4011 806 4066 Ueber
841 4011 929 4065 die
966 4011 1201 4067 Schuleu
1255 4013 1526 4069 ber-ichtet
1559 4015 1629 4069 H.
1670 4013 2027 4069 Gresbeck
2075 4012 2131 4068 S.
2167 4014 2260 4067 47:
2306 4013 2428 4080 „Sie
2465 4013 2674 4068 hebben

327 4099 430 4155 ock
465 4100 581 4154 vies
629 4100 743 4155 oste
779 4116 924 4155 seoss
979 4099 1200 4155 scholen
1253 4101 1658 4174 upgeschlagen
1707 4104 1770 4157 in
1808 4102 1905 4156 der
1939 4106 2069 4156 stat.
2142 4102 2280 4156 Dair
2328 4102 2546 4157 lei-eden
2586 4103 2675 4157 die

325 4188 520 4243 kinder
555 4189 667 4244 und
702 4190 791 4244 die
827 4190 1030 4259 iungen
1066 4188 1177 4243 und
1213 4189 1516 4246 medekens.
1572 4191 1822 4247 Dieselve
1858 4192 2089 4246 moisten
2126 4190 2277 4246 leren
2314 4191 2402 4245 die
2427 4191 2675 4246 duitsche

327 4276 553 4345 salmon,
590 4278 836 4333 selu-iven
873 4277 986 4333 und
1021 4276 1187 4334 lesen.
1259 4278 1329 4333 A]
1367 4279 1465 4334 dat
1500 4298 1654 4351 gene,
1691 4280 1790 4335 dat
1824 4282 1903 4336 sie
1940 4280 2143 4349 lei-den,
2197 4280 2438 4335 datselve
2472 4298 2581 4335 was
2619 4280 2674 4336 al

325 4383 432 4420 von
469 4365 565 4420 der
600 4367 737 4437 dope
774 4367 886 4421 und
921 4384 995 4421 na
1030 4368 1140 4421 irer
1174 4369 1386 4423 weise.
