<?xml version="1.0" encoding="UTF-8"?>
<!DOCTYPE html PUBLIC "-//W3C//DTD XHTML 1.0 Transitional//EN"
    "http://www.w3.org/TR/xhtml1/DTD/xhtml1-transitional.dtd">
<html xmlns="http://www.w3.org/1999/xhtml" xml:lang="en" lang="en">
 <head>
  <title>
</title>
<meta http-equiv="Content-Type" content="text/html;charset=utf-8" />
  <meta name='ocr-system' content='tesseract 3.04.00' />
  <meta name='ocr-capabilities' content='ocr_page ocr_carea ocr_par ocr_line ocrx_word'/>
</head>
<body>
  <div class='ocr_page' id='page_1' title='image "./hermanniakersse00westgoog_0442.png"; bbox 0 0 3259 5075; ppageno 0'>
   <div class='ocr_carea' id='block_1_1' title="bbox 568 273 2105 342">
    <p class='ocr_par' dir='ltr' id='par_1_1' title="bbox 568 273 2105 342">
     <span class='ocr_line' id='line_1_1' title="bbox 568 273 2105 342; baseline -0.002 -1"><span class='ocrx_word' id='word_1_1' title='bbox 568 275 581 286; x_wconf 85' lang='lat'><strong>‘</strong></span> <span class='ocrx_word' id='word_1_2' title='bbox 643 276 771 342; x_wconf 88' lang='grc'>818</span> <span class='ocrx_word' id='word_1_3' title='bbox 1497 273 1681 339; x_wconf 89' lang='lat' dir='ltr'>Anno</span> <span class='ocrx_word' id='word_1_4' title='bbox 1734 273 1902 339; x_wconf 84' lang='lat'>1535</span> <span class='ocrx_word' id='word_1_5' title='bbox 1947 275 2105 338; x_wconf 86' lang='lat' dir='ltr'>acta.</span> 
     </span>
    </p>
   </div>
   <div class='ocr_carea' id='block_1_2' title="bbox 640 449 2995 2878">
    <p class='ocr_par' dir='ltr' id='par_1_2' title="bbox 640 449 2995 2878">
     <span class='ocr_line' id='line_1_2' title="bbox 641 449 2991 534; baseline -0 -17"><span class='ocrx_word' id='word_1_6' title='bbox 641 452 883 518; x_wconf 80' lang='lat' dir='ltr'>dedere.</span> <span class='ocrx_word' id='word_1_7' title='bbox 948 451 1014 517; x_wconf 91' lang='lat' dir='ltr'>Si</span> <span class='ocrx_word' id='word_1_8' title='bbox 1060 450 1300 517; x_wconf 77' lang='lat' dir='ltr'><strong>Christi</strong></span> <span class='ocrx_word' id='word_1_9' title='bbox 1344 470 1570 516; x_wconf 92' lang='lat' dir='ltr'>nomen</span> <span class='ocrx_word' id='word_1_10' title='bbox 1613 450 1802 534; x_wconf 85' lang='lat' dir='ltr'>digne</span> <span class='ocrx_word' id='word_1_11' title='bbox 1846 449 2247 516; x_wconf 87' lang='lat' dir='ltr'>circumferre</span> <span class='ocrx_word' id='word_1_12' title='bbox 2277 450 2507 532; x_wconf 84' lang='lat' dir='ltr'>velitis,</span> <span class='ocrx_word' id='word_1_13' title='bbox 2556 451 2634 515; x_wconf 91' lang='lat' dir='ltr'>de</span> <span class='ocrx_word' id='word_1_14' title='bbox 2665 470 2786 534; x_wconf 90' lang='lat' dir='ltr'>quo</span> <span class='ocrx_word' id='word_1_15' title='bbox 2821 452 2991 516; x_wconf 86' lang='lat' dir='ltr'>satis</span> 
     </span>
     <span class='ocr_line' id='line_1_3' title="bbox 641 557 2990 643; baseline -0.001 -19"><span class='ocrx_word' id='word_1_16' title='bbox 641 561 1003 643; x_wconf 70' lang='lat' dir='ltr'>arroganter</span> <span class='ocrx_word' id='word_1_17' title='bbox 1047 558 1434 643; x_wconf 82' lang='lat' dir='ltr'>gloriamini,</span> <span class='ocrx_word' id='word_1_18' title='bbox 1481 558 1826 624; x_wconf 90' lang='lat' dir='ltr'>christiano</span> <span class='ocrx_word' id='word_1_19' title='bbox 1870 559 2036 641; x_wconf 88' lang='lat' dir='ltr'>iure,</span> <span class='ocrx_word' id='word_1_20' title='bbox 2094 558 2262 642; x_wconf 90' lang='lat' dir='ltr'>quod</span> <span class='ocrx_word' id='word_1_21' title='bbox 2309 576 2517 641; x_wconf 81' lang='lat' dir='ltr'>saepe,</span> <span class='ocrx_word' id='word_1_22' title='bbox 2567 557 2677 622; x_wconf 90' lang='lat' dir='ltr'>sed</span> <span class='ocrx_word' id='word_1_23' title='bbox 2719 557 2990 639; x_wconf 74' lang='lat' dir='ltr'>frustra,</span> 
     </span>
     <span class='ocr_line' id='line_1_4' title="bbox 640 663 2991 749; baseline -0 -20"><span class='ocrx_word' id='word_1_24' title='bbox 640 664 1118 749; x_wconf 83' lang='lat' dir='ltr'>postulavimus,</span> <span class='ocrx_word' id='word_1_25' title='bbox 1167 664 1495 729; x_wconf 91' lang='lat' dir='ltr'>nobiscum</span> <span class='ocrx_word' id='word_1_26' title='bbox 1538 663 1825 748; x_wconf 88' lang='lat' dir='ltr'>ageretis,</span> <span class='ocrx_word' id='word_1_27' title='bbox 1876 664 2184 730; x_wconf 88' lang='lat' dir='ltr'>accusatis</span> <span class='ocrx_word' id='word_1_28' title='bbox 2231 666 2296 730; x_wconf 89' lang='lat' dir='ltr'>et</span> <span class='ocrx_word' id='word_1_29' title='bbox 2345 665 2413 729; x_wconf 90' lang='lat' dir='ltr'>in</span> <span class='ocrx_word' id='word_1_30' title='bbox 2458 664 2696 729; x_wconf 83' lang='lat' dir='ltr'>crimen</span> <span class='ocrx_word' id='word_1_31' title='bbox 2738 664 2991 729; x_wconf 81' lang='lat' dir='ltr'>vocatis</span> 
     </span>
     <span class='ocr_line' id='line_1_5' title="bbox 643 769 2995 854; baseline -0 -19"><span class='ocrx_word' id='word_1_32' title='bbox 643 790 851 836; x_wconf 90' lang='lat' dir='ltr'>coram</span> <span class='ocrx_word' id='word_1_33' title='bbox 895 770 1214 835; x_wconf 91' lang='lat' dir='ltr'>iudicibus</span> <span class='ocrx_word' id='word_1_34' title='bbox 1260 770 1645 854; x_wconf 79' lang='lat' dir='ltr'>incorruptis</span> <span class='ocrx_word' id='word_1_35' title='bbox 1697 773 1762 836; x_wconf 91' lang='lat' dir='ltr'>et</span> <span class='ocrx_word' id='word_1_36' title='bbox 1805 790 1932 836; x_wconf 87' lang='lat' dir='ltr'>non</span> <span class='ocrx_word' id='word_1_37' title='bbox 1976 771 2284 854; x_wconf 79' lang='lat' dir='ltr'>suspectis</span> <span class='ocrx_word' id='word_1_38' title='bbox 2331 770 2678 836; x_wconf 86' lang='lat' dir='ltr'>defensioni</span> <span class='ocrx_word' id='word_1_39' title='bbox 2724 769 2995 835; x_wconf 86' lang='lat' dir='ltr'>daretur</span> 
     </span>
     <span class='ocr_line' id='line_1_6' title="bbox 640 876 2994 960; baseline -0 -18"><span class='ocrx_word' id='word_1_40' title='bbox 640 877 834 942; x_wconf 79' lang='lat' dir='ltr'>locuS.</span> <span class='ocrx_word' id='word_1_41' title='bbox 928 876 1049 942; x_wconf 89' lang='lat' dir='ltr'>Sed</span> <span class='ocrx_word' id='word_1_42' title='bbox 1108 878 1344 942; x_wconf 88' lang='lat' dir='ltr'>frustra</span> <span class='ocrx_word' id='word_1_43' title='bbox 1408 876 1560 942; x_wconf 89' lang='lat' dir='ltr'>haec</span> <span class='ocrx_word' id='word_1_44' title='bbox 1605 878 1943 960; x_wconf 85' lang='lat' dir='ltr'>querimur.</span> <span class='ocrx_word' id='word_1_45' title='bbox 2039 878 2362 943; x_wconf 78' lang='lat' dir='ltr'>Divinitas</span> <span class='ocrx_word' id='word_1_46' title='bbox 2408 877 2577 942; x_wconf 91' lang='lat' dir='ltr'>enim</span> <span class='ocrx_word' id='word_1_47' title='bbox 2643 877 2796 941; x_wconf 84' lang='lat' dir='ltr'>haec</span> <span class='ocrx_word' id='word_1_48' title='bbox 2842 876 2994 941; x_wconf 85' lang='lat' dir='ltr'>fieri</span> 
     </span>
     <span class='ocr_line' id='line_1_7' title="bbox 640 983 2992 1069; baseline 0.001 -22"><span class='ocrx_word' id='word_1_49' title='bbox 640 983 867 1048; x_wconf 81' lang='lat' dir='ltr'>Daniel</span> <span class='ocrx_word' id='word_1_50' title='bbox 915 985 949 1048; x_wconf 80' lang='lat'><strong>7</strong></span> <span class='ocrx_word' id='word_1_51' title='bbox 973 987 995 1022; x_wconf 83' lang='lat'><strong>¹</strong></span> <span class='ocrx_word' id='word_1_52' title='bbox 1041 983 1221 1048; x_wconf 90' lang='lat' dir='ltr'>nobis</span> <span class='ocrx_word' id='word_1_53' title='bbox 1269 985 1732 1069; x_wconf 86' lang='lat' dir='ltr'>praefiguravit.</span> <span class='ocrx_word' id='word_1_54' title='bbox 1825 985 1988 1051; x_wconf 88' lang='lat' dir='ltr'>Nam</span> <span class='ocrx_word' id='word_1_55' title='bbox 2035 986 2125 1051; x_wconf 91' lang='lat' dir='ltr'>sic</span> <span class='ocrx_word' id='word_1_56' title='bbox 2170 986 2375 1051; x_wconf 90' lang='lat' dir='ltr'>bestia</span> <span class='ocrx_word' id='word_1_57' title='bbox 2423 986 2646 1069; x_wconf 88' lang='lat' dir='ltr'>quarta</span> <span class='ocrx_word' id='word_1_58' title='bbox 2689 987 2992 1068; x_wconf 77' lang='lat' dir='ltr'>quartam</span> 
     </span>
     <span class='ocr_line' id='line_1_8' title="bbox 642 1089 2991 1175; baseline 0.001 -22"><span class='ocrx_word' id='word_1_59' title='bbox 642 1091 845 1154; x_wconf 89' lang='lat' dir='ltr'>terrae</span> <span class='ocrx_word' id='word_1_60' title='bbox 890 1089 1331 1172; x_wconf 83' lang='lat' dir='ltr'>monarchiam,</span> <span class='ocrx_word' id='word_1_61' title='bbox 1383 1090 1499 1155; x_wconf 89' lang='lat' dir='ltr'>hoc</span> <span class='ocrx_word' id='word_1_62' title='bbox 1534 1093 1632 1156; x_wconf 89' lang='lat' dir='ltr'>est</span> <span class='ocrx_word' id='word_1_63' title='bbox 1675 1091 2014 1174; x_wconf 91' lang='lat' dir='ltr'>imperium</span> <span class='ocrx_word' id='word_1_64' title='bbox 2051 1092 2421 1174; x_wconf 88' lang='lat' dir='ltr'>Romanum,</span> <span class='ocrx_word' id='word_1_65' title='bbox 2456 1091 2991 1175; x_wconf 68' lang='lat' dir='ltr'>⁴praesignificans</span> 
     </span>
     <span class='ocr_line' id='line_1_9' title="bbox 642 1195 2990 1282; baseline 0.001 -22"><span class='ocrx_word' id='word_1_66' title='bbox 642 1198 887 1260; x_wconf 88' lang='lat' dir='ltr'>sanctos</span> <span class='ocrx_word' id='word_1_67' title='bbox 934 1195 1050 1261; x_wconf 93' lang='lat' dir='ltr'>Dei</span> <span class='ocrx_word' id='word_1_68' title='bbox 1097 1197 1456 1279; x_wconf 82' lang='lat' dir='ltr'>conculcat3</span> <span class='ocrx_word' id='word_1_69' title='bbox 1506 1197 1597 1262; x_wconf 91' lang='lat' dir='ltr'>sic</span> <span class='ocrx_word' id='word_1_70' title='bbox 1627 1197 1781 1262; x_wconf 90' lang='lat' dir='ltr'>haec</span> <span class='ocrx_word' id='word_1_71' title='bbox 1826 1197 2030 1263; x_wconf 90' lang='lat' dir='ltr'>bestia</span> <span class='ocrx_word' id='word_1_72' title='bbox 2059 1199 2156 1263; x_wconf 88' lang='lat' dir='ltr'>est</span> <span class='ocrx_word' id='word_1_73' title='bbox 2200 1197 2438 1280; x_wconf 86' lang='lat' dir='ltr'>affecta,</span> <span class='ocrx_word' id='word_1_74' title='bbox 2486 1200 2563 1262; x_wconf 91' lang='lat' dir='ltr'>ut</span> <span class='ocrx_word' id='word_1_75' title='bbox 2606 1197 2773 1262; x_wconf 89' lang='lat' dir='ltr'>nulli</span> <span class='ocrx_word' id='word_1_76' title='bbox 2819 1197 2990 1282; x_wconf 88' lang='lat' dir='ltr'>legi-</span> 
     </span>
     <span class='ocr_line' id='line_1_10' title="bbox 642 1302 2991 1387; baseline 0.001 -20"><span class='ocrx_word' id='word_1_77' title='bbox 642 1302 833 1367; x_wconf 86' lang='lat' dir='ltr'>timae</span> <span class='ocrx_word' id='word_1_78' title='bbox 879 1302 1226 1367; x_wconf 88' lang='lat' dir='ltr'>defensioni</span> <span class='ocrx_word' id='word_1_79' title='bbox 1292 1303 1400 1368; x_wconf 88' lang='lat' dir='ltr'>det</span> <span class='ocrx_word' id='word_1_80' title='bbox 1445 1304 1683 1386; x_wconf 91' lang='lat' dir='ltr'>locum,</span> <span class='ocrx_word' id='word_1_81' title='bbox 1755 1304 1863 1369; x_wconf 90' lang='lat' dir='ltr'>sed</span> <span class='ocrx_word' id='word_1_82' title='bbox 1909 1324 2020 1386; x_wconf 92' lang='lat' dir='ltr'>pro</span> <span class='ocrx_word' id='word_1_83' title='bbox 2068 1324 2184 1370; x_wconf 89' lang='lat' dir='ltr'>sua</span> <span class='ocrx_word' id='word_1_84' title='bbox 2225 1304 2492 1370; x_wconf 87' lang='lat' dir='ltr'>libidine</span> <span class='ocrx_word' id='word_1_85' title='bbox 2537 1307 2602 1369; x_wconf 92' lang='lat' dir='ltr'>et</span> <span class='ocrx_word' id='word_1_86' title='bbox 2645 1304 2991 1387; x_wconf 83' lang='lat' dir='ltr'>tyrannide</span> 
     </span>
     <span class='ocr_line' id='line_1_11' title="bbox 643 1408 2988 1495; baseline 0.001 -24"><span class='ocrx_word' id='word_1_87' title='bbox 643 1410 888 1472; x_wconf 88' lang='lat' dir='ltr'>sanctos</span> <span class='ocrx_word' id='word_1_88' title='bbox 934 1408 1054 1472; x_wconf 89' lang='lat' dir='ltr'>Dei</span> <span class='ocrx_word' id='word_1_89' title='bbox 1100 1410 1443 1492; x_wconf 92' lang='lat' dir='ltr'>conculcet,</span> <span class='ocrx_word' id='word_1_90' title='bbox 1506 1411 1910 1493; x_wconf 86' lang='lat' dir='ltr'>comminuat,</span> <span class='ocrx_word' id='word_1_91' title='bbox 1958 1413 2210 1493; x_wconf 82' lang='lat' dir='ltr'>mactet,</span> <span class='ocrx_word' id='word_1_92' title='bbox 2260 1411 2499 1495; x_wconf 79' lang='lat' dir='ltr'>perdat,</span> <span class='ocrx_word' id='word_1_93' title='bbox 2546 1411 2988 1492; x_wconf 84' lang='lat' dir='ltr'>latrocinetur,</span> 
     </span>
     <span class='ocr_line' id='line_1_12' title="bbox 641 1515 2989 1602; baseline 0.002 -24"><span class='ocrx_word' id='word_1_94' title='bbox 641 1515 982 1579; x_wconf 88' lang='lat' dir='ltr'>interficiat</span> <span class='ocrx_word' id='word_1_95' title='bbox 1026 1534 1096 1579; x_wconf 89' lang='lat' dir='ltr'>ac</span> <span class='ocrx_word' id='word_1_96' title='bbox 1143 1515 1420 1599; x_wconf 84' lang='lat' dir='ltr'>devoret,</span> <span class='ocrx_word' id='word_1_97' title='bbox 1485 1536 1629 1582; x_wconf 91' lang='lat' dir='ltr'>cum</span> <span class='ocrx_word' id='word_1_98' title='bbox 1677 1519 1791 1583; x_wconf 80' lang='lat' dir='ltr'>sit·</span> <span class='ocrx_word' id='word_1_99' title='bbox 1833 1518 2063 1583; x_wconf 88' lang='lat' dir='ltr'>ultima</span> <span class='ocrx_word' id='word_1_100' title='bbox 2106 1520 2363 1602; x_wconf 88' lang='lat' dir='ltr'>quartae</span> <span class='ocrx_word' id='word_1_101' title='bbox 2409 1517 2645 1584; x_wconf 90' lang='lat' dir='ltr'>bestiae</span> <span class='ocrx_word' id='word_1_102' title='bbox 2689 1517 2989 1600; x_wconf 83' lang='lat' dir='ltr'>tyrannis</span> 
     </span>
     <span class='ocr_line' id='line_1_13' title="bbox 641 1622 2989 1705; baseline 0.001 -19"><span class='ocrx_word' id='word_1_103' title='bbox 641 1622 825 1705; x_wconf 89' lang='lat' dir='ltr'>longe</span> <span class='ocrx_word' id='word_1_104' title='bbox 871 1641 907 1685; x_wconf 92' lang='lat' dir='ltr'>a</span> <span class='ocrx_word' id='word_1_105' title='bbox 952 1622 1269 1705; x_wconf 90' lang='lat' dir='ltr'>prioribus</span> <span class='ocrx_word' id='word_1_106' title='bbox 1337 1623 1544 1688; x_wconf 89' lang='lat' dir='ltr'>tribus</span> <span class='ocrx_word' id='word_1_107' title='bbox 1608 1624 1827 1689; x_wconf 88' lang='lat' dir='ltr'>bestiis</span> <span class='ocrx_word' id='word_1_108' title='bbox 1895 1624 2142 1689; x_wconf 86' lang='lat' dir='ltr'>diversa</span> <span class='ocrx_word' id='word_1_109' title='bbox 2187 1625 2397 1690; x_wconf 88' lang='lat' dir='ltr'>omnia</span> <span class='ocrx_word' id='word_1_110' title='bbox 2441 1624 2871 1689; x_wconf 88' lang='lat' dir='ltr'>comminuens</span> <span class='ocrx_word' id='word_1_111' title='bbox 2916 1625 2989 1688; x_wconf 88' lang='lat' dir='ltr'>et</span> 
     </span>
     <span class='ocr_line' id='line_1_14' title="bbox 641 1729 2990 1813; baseline 0.001 -20"><span class='ocrx_word' id='word_1_112' title='bbox 641 1729 907 1811; x_wconf 89' lang='lat' dir='ltr'>pedibus</span> <span class='ocrx_word' id='word_1_113' title='bbox 955 1729 1342 1794; x_wconf 90' lang='lat' dir='ltr'>conculcans.</span> <span class='ocrx_word' id='word_1_114' title='bbox 1421 1730 1744 1813; x_wconf 90' lang='lat' dir='ltr'>Legantur</span> <span class='ocrx_word' id='word_1_115' title='bbox 1793 1730 2077 1796; x_wconf 90' lang='lat' dir='ltr'>omnium</span> <span class='ocrx_word' id='word_1_116' title='bbox 2120 1732 2382 1796; x_wconf 87' lang='lat' dir='ltr'>Patrum</span> <span class='ocrx_word' id='word_1_117' title='bbox 2427 1732 2494 1796; x_wconf 92' lang='lat' dir='ltr'>et</span> <span class='ocrx_word' id='word_1_118' title='bbox 2536 1731 2990 1796; x_wconf 88' lang='lat' dir='ltr'>historicorum</span> 
     </span>
     <span class='ocr_line' id='line_1_15' title="bbox 643 1835 2993 1920; baseline 0.002 -22"><span class='ocrx_word' id='word_1_119' title='bbox 643 1835 897 1918; x_wconf 86' lang='lat' dir='ltr'>scripta,</span> <span class='ocrx_word' id='word_1_120' title='bbox 946 1836 1010 1899; x_wconf 91' lang='lat' dir='ltr'>et</span> <span class='ocrx_word' id='word_1_121' title='bbox 1054 1854 1180 1900; x_wconf 89' lang='lat' dir='ltr'>non</span> <span class='ocrx_word' id='word_1_122' title='bbox 1241 1835 1598 1902; x_wconf 86' lang='lat' dir='ltr'>invenietur</span> <span class='ocrx_word' id='word_1_123' title='bbox 1666 1837 1952 1920; x_wconf 80' lang='lat' dir='ltr'>tyrannis</span> <span class='ocrx_word' id='word_1_124' title='bbox 1999 1837 2227 1902; x_wconf 88' lang='lat' dir='ltr'>similis</span> <span class='ocrx_word' id='word_1_125' title='bbox 2271 1837 2340 1902; x_wconf 91' lang='lat' dir='ltr'>in</span> <span class='ocrx_word' id='word_1_126' title='bbox 2388 1856 2579 1902; x_wconf 88' lang='lat' dir='ltr'>causa</span> <span class='ocrx_word' id='word_1_127' title='bbox 2621 1836 2771 1902; x_wconf 92' lang='lat' dir='ltr'>fidei</span> <span class='ocrx_word' id='word_1_128' title='bbox 2815 1838 2993 1903; x_wconf 56' lang='lat' dir='ltr'>circa</span> 
     </span>
     <span class='ocr_line' id='line_1_16' title="bbox 644 1941 2988 2027; baseline 0.001 -21"><span class='ocrx_word' id='word_1_129' title='bbox 644 1943 890 2007; x_wconf 91' lang='lat' dir='ltr'>sanctos</span> <span class='ocrx_word' id='word_1_130' title='bbox 921 1941 1057 2023; x_wconf 87' lang='lat' dir='ltr'>Dei,</span> <span class='ocrx_word' id='word_1_131' title='bbox 1104 1961 1294 2025; x_wconf 91' lang='lat' dir='ltr'>quam</span> <span class='ocrx_word' id='word_1_132' title='bbox 1324 1942 1515 2008; x_wconf 90' lang='lat' dir='ltr'>huius</span> <span class='ocrx_word' id='word_1_133' title='bbox 1547 1943 1785 2008; x_wconf 88' lang='lat' dir='ltr'>bestiae</span> <span class='ocrx_word' id='word_1_134' title='bbox 1815 1943 2225 2026; x_wconf 86' lang='lat' dir='ltr'>temporibus.</span> <span class='ocrx_word' id='word_1_135' title='bbox 2282 1945 2367 2009; x_wconf 85' lang='lat' dir='ltr'>Et</span> <span class='ocrx_word' id='word_1_136' title='bbox 2396 1944 2564 2027; x_wconf 94' lang='lat' dir='ltr'>quod</span> <span class='ocrx_word' id='word_1_137' title='bbox 2608 1943 2988 2009; x_wconf 80' lang='lat' dir='ltr'>horribilius</span> 
     </span>
     <span class='ocr_line' id='line_1_17' title="bbox 643 2047 2991 2132; baseline 0.001 -21"><span class='ocrx_word' id='word_1_138' title='bbox 643 2050 759 2130; x_wconf 86' lang='lat' dir='ltr'>est,</span> <span class='ocrx_word' id='word_1_139' title='bbox 807 2047 1047 2113; x_wconf 92' lang='lat' dir='ltr'>iudices</span> <span class='ocrx_word' id='word_1_140' title='bbox 1093 2051 1157 2112; x_wconf 90' lang='lat' dir='ltr'>et</span> <span class='ocrx_word' id='word_1_141' title='bbox 1200 2049 1498 2132; x_wconf 88' lang='lat' dir='ltr'>praefecti</span> <span class='ocrx_word' id='word_1_142' title='bbox 1566 2049 1760 2114; x_wconf 91' lang='lat' dir='ltr'>huius</span> <span class='ocrx_word' id='word_1_143' title='bbox 1806 2049 2068 2131; x_wconf 82' lang='lat' dir='ltr'>bestiae,</span> <span class='ocrx_word' id='word_1_144' title='bbox 2133 2050 2382 2114; x_wconf 87' lang='lat' dir='ltr'>etiamsi</span> <span class='ocrx_word' id='word_1_145' title='bbox 2441 2049 2644 2114; x_wconf 90' lang='lat' dir='ltr'>sciant</span> <span class='ocrx_word' id='word_1_146' title='bbox 2689 2069 2754 2114; x_wconf 91' lang='lat' dir='ltr'>se</span> <span class='ocrx_word' id='word_1_147' title='bbox 2796 2048 2991 2114; x_wconf 90' lang='lat' dir='ltr'>inno-</span> 
     </span>
     <span class='ocr_line' id='line_1_18' title="bbox 645 2155 2988 2239; baseline 0.001 -21"><span class='ocrx_word' id='word_1_148' title='bbox 645 2156 853 2219; x_wconf 89' lang='lat' dir='ltr'>centes</span> <span class='ocrx_word' id='word_1_149' title='bbox 884 2156 949 2219; x_wconf 93' lang='lat' dir='ltr'>et</span> <span class='ocrx_word' id='word_1_150' title='bbox 995 2157 1240 2220; x_wconf 87' lang='lat' dir='ltr'>sanctos</span> <span class='ocrx_word' id='word_1_151' title='bbox 1273 2155 1390 2220; x_wconf 89' lang='lat' dir='ltr'>Dei</span> <span class='ocrx_word' id='word_1_152' title='bbox 1436 2156 1804 2239; x_wconf 87' lang='lat' dir='ltr'>opprimere,</span> <span class='ocrx_word' id='word_1_153' title='bbox 1853 2158 2064 2221; x_wconf 87' lang='lat' dir='ltr'>tamen</span> <span class='ocrx_word' id='word_1_154' title='bbox 2093 2174 2129 2219; x_wconf 92' lang='lat' dir='ltr'>a</span> <span class='ocrx_word' id='word_1_155' title='bbox 2161 2156 2531 2222; x_wconf 86' lang='lat' dir='ltr'>crudelitate</span> <span class='ocrx_word' id='word_1_156' title='bbox 2562 2159 2627 2221; x_wconf 89' lang='lat' dir='ltr'>et</span> <span class='ocrx_word' id='word_1_157' title='bbox 2656 2155 2988 2239; x_wconf 87' lang='lat' dir='ltr'>sanguinis</span> 
     </span>
     <span class='ocr_line' id='line_1_19' title="bbox 644 2260 2993 2345; baseline 0 -20"><span class='ocrx_word' id='word_1_158' title='bbox 644 2261 943 2326; x_wconf 87' lang='lat' dir='ltr'>effusione</span> <span class='ocrx_word' id='word_1_159' title='bbox 990 2280 1062 2325; x_wconf 86' lang='lat' dir='ltr'>ex</span> <span class='ocrx_word' id='word_1_160' title='bbox 1109 2260 1421 2327; x_wconf 89' lang='lat' dir='ltr'>destinata</span> <span class='ocrx_word' id='word_1_161' title='bbox 1467 2262 1649 2344; x_wconf 90' lang='lat' dir='ltr'>quasi</span> <span class='ocrx_word' id='word_1_162' title='bbox 1694 2261 1944 2326; x_wconf 88' lang='lat' dir='ltr'>malitia</span> <span class='ocrx_word' id='word_1_163' title='bbox 1986 2262 2056 2326; x_wconf 90' lang='lat' dir='ltr'>in</span> <span class='ocrx_word' id='word_1_164' title='bbox 2086 2262 2360 2345; x_wconf 83' lang='lat' dir='ltr'>gratiam</span> <span class='ocrx_word' id='word_1_165' title='bbox 2404 2261 2641 2326; x_wconf 88' lang='lat' dir='ltr'>bestiae</span> <span class='ocrx_word' id='word_1_166' title='bbox 2687 2261 2812 2326; x_wconf 89' lang='lat' dir='ltr'>sibi</span> <span class='ocrx_word' id='word_1_167' title='bbox 2856 2281 2993 2326; x_wconf 87' lang='lat' dir='ltr'>non</span> 
     </span>
     <span class='ocr_line' id='line_1_20' title="bbox 642 2367 2994 2451; baseline 0.002 -21"><span class='ocrx_word' id='word_1_168' title='bbox 642 2368 1022 2450; x_wconf 89' lang='lat' dir='ltr'>temperant,</span> <span class='ocrx_word' id='word_1_169' title='bbox 1070 2386 1148 2431; x_wconf 91' lang='lat' dir='ltr'>ne</span> <span class='ocrx_word' id='word_1_170' title='bbox 1194 2367 1425 2432; x_wconf 88' lang='lat' dir='ltr'>veritas</span> <span class='ocrx_word' id='word_1_171' title='bbox 1471 2367 1539 2431; x_wconf 90' lang='lat' dir='ltr'>in</span> <span class='ocrx_word' id='word_1_172' title='bbox 1586 2387 1767 2433; x_wconf 91' lang='lat' dir='ltr'>suam</span> <span class='ocrx_word' id='word_1_173' title='bbox 1836 2368 2120 2451; x_wconf 91' lang='lat' dir='ltr'>ipsorum</span> <span class='ocrx_word' id='word_1_174' title='bbox 2187 2369 2532 2451; x_wconf 89' lang='lat' dir='ltr'>perniciem</span> <span class='ocrx_word' id='word_1_175' title='bbox 2598 2370 2877 2451; x_wconf 82' lang='lat' dir='ltr'>emergat</span> <span class='ocrx_word' id='word_1_176' title='bbox 2920 2370 2994 2434; x_wconf 88' lang='lat' dir='ltr'>et</span> 
     </span>
     <span class='ocr_line' id='line_1_21' title="bbox 643 2472 2989 2559; baseline 0.001 -22"><span class='ocrx_word' id='word_1_177' title='bbox 643 2473 953 2557; x_wconf 78' lang='lat' dir='ltr'>populum</span> <span class='ocrx_word' id='word_1_178' title='bbox 997 2472 1079 2538; x_wconf 89' lang='lat' dir='ltr'>ad</span> <span class='ocrx_word' id='word_1_179' title='bbox 1122 2473 1468 2539; x_wconf 84' lang='lat' dir='ltr'>vindictam</span> <span class='ocrx_word' id='word_1_180' title='bbox 1515 2475 1918 2540; x_wconf 84' lang='lat' dir='ltr'>commoveat.</span> <span class='ocrx_word' id='word_1_181' title='bbox 1984 2474 2200 2540; x_wconf 86' lang='lat' dir='ltr'>Testes</span> <span class='ocrx_word' id='word_1_182' title='bbox 2233 2474 2541 2559; x_wconf 85' lang='lat' dir='ltr'>evangelii</span> <span class='ocrx_word' id='word_1_183' title='bbox 2587 2474 2682 2540; x_wconf 89' lang='lat' dir='ltr'>ita</span> <span class='ocrx_word' id='word_1_184' title='bbox 2710 2475 2827 2540; x_wconf 88' lang='lat' dir='ltr'>sub</span> <span class='ocrx_word' id='word_1_185' title='bbox 2874 2494 2989 2558; x_wconf 89' lang='lat' dir='ltr'>pe-</span> 
     </span>
     <span class='ocr_line' id='line_1_22' title="bbox 646 2578 2992 2664; baseline 0.002 -22"><span class='ocrx_word' id='word_1_186' title='bbox 646 2578 832 2643; x_wconf 90' lang='lat' dir='ltr'>dibus</span> <span class='ocrx_word' id='word_1_187' title='bbox 880 2598 1124 2662; x_wconf 90' lang='lat' dir='ltr'>pressos</span> <span class='ocrx_word' id='word_1_188' title='bbox 1169 2581 1413 2662; x_wconf 90' lang='lat' dir='ltr'>tenent,</span> <span class='ocrx_word' id='word_1_189' title='bbox 1487 2580 1581 2645; x_wconf 88' lang='lat' dir='ltr'>ita</span> <span class='ocrx_word' id='word_1_190' title='bbox 1624 2580 1875 2664; x_wconf 88' lang='lat' dir='ltr'>linguas</span> <span class='ocrx_word' id='word_1_191' title='bbox 1944 2580 2226 2663; x_wconf 90' lang='lat' dir='ltr'>ipsorum</span> <span class='ocrx_word' id='word_1_192' title='bbox 2270 2580 2669 2664; x_wconf 89' lang='lat' dir='ltr'>praecidunt,</span> <span class='ocrx_word' id='word_1_193' title='bbox 2739 2580 2832 2646; x_wconf 89' lang='lat' dir='ltr'>ita</span> <span class='ocrx_word' id='word_1_194' title='bbox 2876 2600 2992 2647; x_wconf 89' lang='lat' dir='ltr'>ora</span> 
     </span>
     <span class='ocr_line' id='line_1_23' title="bbox 645 2685 2989 2771; baseline 0.001 -21"><span class='ocrx_word' id='word_1_195' title='bbox 645 2686 969 2768; x_wconf 86' lang='lat' dir='ltr'>obturant,</span> <span class='ocrx_word' id='word_1_196' title='bbox 1018 2685 1112 2750; x_wconf 89' lang='lat' dir='ltr'>ita</span> <span class='ocrx_word' id='word_1_197' title='bbox 1154 2686 1334 2751; x_wconf 89' lang='lat' dir='ltr'>tibiis</span> <span class='ocrx_word' id='word_1_198' title='bbox 1398 2686 1842 2770; x_wconf 77' lang='lat' dir='ltr'>tympanisque</span> <span class='ocrx_word' id='word_1_199' title='bbox 1888 2686 2276 2769; x_wconf 89' lang='lat' dir='ltr'>obtundunt,</span> <span class='ocrx_word' id='word_1_200' title='bbox 2323 2690 2400 2752; x_wconf 91' lang='lat' dir='ltr'>ut</span> <span class='ocrx_word' id='word_1_201' title='bbox 2442 2688 2611 2771; x_wconf 88' lang='lat' dir='ltr'>ipsos</span> <span class='ocrx_word' id='word_1_202' title='bbox 2656 2687 2725 2752; x_wconf 92' lang='lat' dir='ltr'>in</span> <span class='ocrx_word' id='word_1_203' title='bbox 2770 2687 2989 2753; x_wconf 87' lang='lat' dir='ltr'>defen-</span> 
     </span>
     <span class='ocr_line' id='line_1_24' title="bbox 648 2792 2987 2878; baseline 0.001 -21"><span class='ocrx_word' id='word_1_204' title='bbox 648 2792 888 2858; x_wconf 90' lang='lat' dir='ltr'>sionem</span> <span class='ocrx_word' id='word_1_205' title='bbox 932 2793 1034 2858; x_wconf 88' lang='lat' dir='ltr'>sui</span> <span class='ocrx_word' id='word_1_206' title='bbox 1078 2811 1371 2876; x_wconf 84' lang='lat' dir='ltr'>exurgere</span> <span class='ocrx_word' id='word_1_207' title='bbox 1416 2812 1541 2858; x_wconf 91' lang='lat' dir='ltr'>non</span> <span class='ocrx_word' id='word_1_208' title='bbox 1575 2792 1813 2875; x_wconf 84' lang='lat' dir='ltr'>sinant3</span> <span class='ocrx_word' id='word_1_209' title='bbox 1862 2795 2049 2877; x_wconf 90' lang='lat' dir='ltr'>atque</span> <span class='ocrx_word' id='word_1_210' title='bbox 2093 2794 2212 2858; x_wconf 92' lang='lat' dir='ltr'>hoc</span> <span class='ocrx_word' id='word_1_211' title='bbox 2256 2793 2423 2859; x_wconf 86' lang='lat' dir='ltr'>illud</span> <span class='ocrx_word' id='word_1_212' title='bbox 2455 2796 2567 2876; x_wconf 84' lang='lat' dir='ltr'>est,</span> <span class='ocrx_word' id='word_1_213' title='bbox 2616 2793 2783 2878; x_wconf 90' lang='lat' dir='ltr'>quod</span> <span class='ocrx_word' id='word_1_214' title='bbox 2825 2794 2987 2859; x_wconf 89' lang='lat' dir='ltr'>Pro-</span> 
     </span>
    </p>
   </div>
   <div class='ocr_carea' id='block_1_3' title="bbox 608 2898 2990 2984">
    <p class='ocr_par' dir='ltr' id='par_1_3' title="bbox 608 2898 2990 2984">
     <span class='ocr_line' id='line_1_25' title="bbox 608 2898 2990 2984; baseline -0 -16"><span class='ocrx_word' id='word_1_215' title='bbox 608 2900 838 2984; x_wconf 89' lang='lat' dir='ltr'>.pheta</span> <span class='ocrx_word' id='word_1_216' title='bbox 882 2898 1040 2964; x_wconf 88' lang='lat' dir='ltr'>dicit</span> <span class='ocrx_word' id='word_1_217' title='bbox 1059 2900 1109 2964; x_wconf 81' lang='lat'>²:</span> <span class='ocrx_word' id='word_1_218' title='bbox 1185 2898 1549 2981; x_wconf 88' lang='lat' dir='ltr'>„residuum</span> <span class='ocrx_word' id='word_1_219' title='bbox 1615 2899 1882 2982; x_wconf 91' lang='lat' dir='ltr'>pedibus</span> <span class='ocrx_word' id='word_1_220' title='bbox 1953 2898 2084 2964; x_wconf 92' lang='lat' dir='ltr'>suis</span> <span class='ocrx_word' id='word_1_221' title='bbox 2146 2900 2580 2966; x_wconf 88' lang='lat' dir='ltr'>conculcans.“</span> <span class='ocrx_word' id='word_1_222' title='bbox 2655 2898 2990 2967; x_wconf 78' lang='lat' dir='ltr'>*Christus</span> 
     </span>
    </p>
   </div>
   <div class='ocr_carea' id='block_1_4' title="bbox 645 3005 2993 4047">
    <p class='ocr_par' dir='ltr' id='par_1_4' title="bbox 645 3005 2993 4047">
     <span class='ocr_line' id='line_1_26' title="bbox 648 3005 2987 3091; baseline 0 -20"><span class='ocrx_word' id='word_1_223' title='bbox 648 3006 841 3072; x_wconf 87' lang='lat' dir='ltr'>etiam</span> <span class='ocrx_word' id='word_1_224' title='bbox 883 3005 953 3070; x_wconf 90' lang='lat' dir='ltr'>in</span> <span class='ocrx_word' id='word_1_225' title='bbox 983 3006 1304 3090; x_wconf 84' lang='lat' dir='ltr'>evangelio</span> <span class='ocrx_word' id='word_1_226' title='bbox 1349 3005 1662 3070; x_wconf 88' lang='lat' dir='ltr'>Matthaei</span> <span class='ocrx_word' id='word_1_227' title='bbox 1706 3007 1791 3071; x_wconf 83' lang='lat'>24</span> <span class='ocrx_word' id='word_1_228' title='bbox 1811 3007 1837 3045; x_wconf 73' lang='lat'><strong>⁸</strong></span> <span class='ocrx_word' id='word_1_229' title='bbox 1882 3006 2034 3071; x_wconf 87' lang='lat' dir='ltr'>haec</span> <span class='ocrx_word' id='word_1_230' title='bbox 2078 3006 2406 3090; x_wconf 84' lang='lat' dir='ltr'>praedixit.</span> <span class='ocrx_word' id='word_1_231' title='bbox 2460 3008 2700 3089; x_wconf 84' lang='lat' dir='ltr'>„Erit,“</span> <span class='ocrx_word' id='word_1_232' title='bbox 2750 3007 2987 3091; x_wconf 84' lang='lat' dir='ltr'>inquit,</span> 
     </span>
     <span class='ocr_line' id='line_1_27' title="bbox 652 3111 2991 3196; baseline 0 -18"><span class='ocrx_word' id='word_1_233' title='bbox 652 3114 845 3195; x_wconf 86' lang='lat' dir='ltr'>„tunc</span> <span class='ocrx_word' id='word_1_234' title='bbox 891 3112 1153 3178; x_wconf 91' lang='lat' dir='ltr'>afflictio</span> <span class='ocrx_word' id='word_1_235' title='bbox 1198 3130 1451 3195; x_wconf 87' lang='lat' dir='ltr'>magna,</span> <span class='ocrx_word' id='word_1_236' title='bbox 1526 3111 1731 3196; x_wconf 90' lang='lat' dir='ltr'>qualis</span> <span class='ocrx_word' id='word_1_237' title='bbox 1777 3131 1899 3178; x_wconf 92' lang='lat' dir='ltr'>non</span> <span class='ocrx_word' id='word_1_238' title='bbox 1947 3111 2076 3177; x_wconf 90' lang='lat' dir='ltr'>fuit</span> <span class='ocrx_word' id='word_1_239' title='bbox 2121 3114 2199 3177; x_wconf 88' lang='lat' dir='ltr'>ab</span> <span class='ocrx_word' id='word_1_240' title='bbox 2245 3112 2428 3178; x_wconf 90' lang='lat' dir='ltr'>initio</span> <span class='ocrx_word' id='word_1_241' title='bbox 2474 3114 2696 3178; x_wconf 91' lang='lat' dir='ltr'>mundi</span> <span class='ocrx_word' id='word_1_242' title='bbox 2741 3114 2819 3178; x_wconf 89' lang='lat' dir='ltr'>ad</span> <span class='ocrx_word' id='word_1_243' title='bbox 2865 3113 2991 3179; x_wconf 90' lang='lat' dir='ltr'>hoc</span> 
     </span>
     <span class='ocr_line' id='line_1_28' title="bbox 646 3218 2988 3304; baseline -0 -20"><span class='ocrx_word' id='word_1_244' title='bbox 646 3236 845 3304; x_wconf 91' lang='lat' dir='ltr'>usque</span> <span class='ocrx_word' id='word_1_245' title='bbox 889 3221 1139 3302; x_wconf 88' lang='lat' dir='ltr'>tempus</span> <span class='ocrx_word' id='word_1_246' title='bbox 1185 3238 1385 3303; x_wconf 90' lang='lat' dir='ltr'>neque</span> <span class='ocrx_word' id='word_1_247' title='bbox 1429 3219 1601 3283; x_wconf 84' lang='lat' dir='ltr'>fiet.“</span> <span class='ocrx_word' id='word_1_248' title='bbox 1667 3218 1751 3282; x_wconf 83' lang='lat' dir='ltr'>Et</span> <span class='ocrx_word' id='word_1_249' title='bbox 1796 3218 2009 3284; x_wconf 90' lang='lat' dir='ltr'>eodem</span> <span class='ocrx_word' id='word_1_250' title='bbox 2057 3219 2262 3303; x_wconf 90' lang='lat' dir='ltr'>capite</span> <span class='ocrx_word' id='word_1_251' title='bbox 2279 3221 2334 3284; x_wconf 80' lang='lat'>⁴:</span> <span class='ocrx_word' id='word_1_252' title='bbox 2388 3219 2827 3301; x_wconf 85' lang='lat' dir='ltr'>„Abominatio</span> <span class='ocrx_word' id='word_1_253' title='bbox 2876 3219 2988 3284; x_wconf 90' lang='lat' dir='ltr'>de-</span> 
     </span>
     <span class='ocr_line' id='line_1_29' title="bbox 648 3321 2986 3402; baseline 0 -13"><span class='ocrx_word' id='word_1_254' title='bbox 648 3326 973 3390; x_wconf 90' lang='lat' dir='ltr'>solationis</span> <span class='ocrx_word' id='word_1_255' title='bbox 1020 3325 1217 3390; x_wconf 90' lang='lat' dir='ltr'>stabit</span> <span class='ocrx_word' id='word_1_256' title='bbox 1260 3325 1329 3389; x_wconf 92' lang='lat' dir='ltr'>in</span> <span class='ocrx_word' id='word_1_257' title='bbox 1375 3325 1509 3389; x_wconf 93' lang='lat' dir='ltr'>loco</span> <span class='ocrx_word' id='word_1_258' title='bbox 1555 3326 1833 3389; x_wconf 84' lang='lat' dir='ltr'>sancto.“</span> <span class='ocrx_word' id='word_1_259' title='bbox 1905 3321 2084 3402; x_wconf 84' lang='lat' dir='ltr'>Quod</span> <span class='ocrx_word' id='word_1_260' title='bbox 2127 3324 2255 3388; x_wconf 92' lang='lat' dir='ltr'>iam</span> <span class='ocrx_word' id='word_1_261' title='bbox 2301 3324 2708 3390; x_wconf 90' lang='lat' dir='ltr'>manifestum</span> <span class='ocrx_word' id='word_1_262' title='bbox 2752 3324 2986 3390; x_wconf 83' lang='lat' dir='ltr'>evadit.</span> 
     </span>
     <span class='ocr_line' id='line_1_30' title="bbox 645 3430 2991 3515; baseline -0.001 -18"><span class='ocrx_word' id='word_1_263' title='bbox 645 3431 810 3497; x_wconf 89' lang='lat' dir='ltr'>Nam</span> <span class='ocrx_word' id='word_1_264' title='bbox 841 3433 1128 3496; x_wconf 86' lang='lat' dir='ltr'>sanctum</span> <span class='ocrx_word' id='word_1_265' title='bbox 1159 3431 1398 3497; x_wconf 88' lang='lat' dir='ltr'>Christi</span> <span class='ocrx_word' id='word_1_266' title='bbox 1445 3450 1673 3496; x_wconf 87' lang='lat' dir='ltr'>nomen</span> <span class='ocrx_word' id='word_1_267' title='bbox 1716 3431 2046 3515; x_wconf 90' lang='lat' dir='ltr'>locumque</span> <span class='ocrx_word' id='word_1_268' title='bbox 2079 3430 2202 3497; x_wconf 92' lang='lat' dir='ltr'>sibi</span> <span class='ocrx_word' id='word_1_269' title='bbox 2247 3431 2561 3514; x_wconf 88' lang='lat' dir='ltr'>arrogant,</span> <span class='ocrx_word' id='word_1_270' title='bbox 2610 3430 2991 3496; x_wconf 88' lang='lat' dir='ltr'>horrendam</span> 
     </span>
     <span class='ocr_line' id='line_1_31' title="bbox 646 3535 2989 3621; baseline -0 -18"><span class='ocrx_word' id='word_1_271' title='bbox 646 3540 858 3603; x_wconf 90' lang='lat' dir='ltr'>tamen</span> <span class='ocrx_word' id='word_1_272' title='bbox 902 3537 1430 3603; x_wconf 89' lang='lat' dir='ltr'>abominationem</span> <span class='ocrx_word' id='word_1_273' title='bbox 1499 3535 1945 3602; x_wconf 88' lang='lat' dir='ltr'>sanctimoniae</span> <span class='ocrx_word' id='word_1_274' title='bbox 1990 3537 2134 3602; x_wconf 91' lang='lat' dir='ltr'>fuco</span> <span class='ocrx_word' id='word_1_275' title='bbox 2184 3557 2370 3621; x_wconf 90' lang='lat' dir='ltr'>super</span> <span class='ocrx_word' id='word_1_276' title='bbox 2413 3539 2648 3602; x_wconf 91' lang='lat' dir='ltr'>terram</span> <span class='ocrx_word' id='word_1_277' title='bbox 2693 3535 2989 3602; x_wconf 90' lang='lat' dir='ltr'>commit-</span> 
     </span>
     <span class='ocr_line' id='line_1_32' title="bbox 645 3643 2989 3724; baseline -0.001 -15"><span class='ocrx_word' id='word_1_278' title='bbox 645 3646 811 3710; x_wconf 90' lang='lat' dir='ltr'>tunt.</span> <span class='ocrx_word' id='word_1_279' title='bbox 905 3643 1110 3724; x_wconf 82' lang='lat' dir='ltr'>Quare</span> <span class='ocrx_word' id='word_1_280' title='bbox 1156 3645 1212 3710; x_wconf 90' lang='lat' dir='ltr'>si</span> <span class='ocrx_word' id='word_1_281' title='bbox 1256 3644 1572 3709; x_wconf 89' lang='lat' dir='ltr'>neminem</span> <span class='ocrx_word' id='word_1_282' title='bbox 1615 3662 1838 3708; x_wconf 88' lang='lat' dir='ltr'>causae</span> <span class='ocrx_word' id='word_1_283' title='bbox 1885 3645 2131 3709; x_wconf 86' lang='lat' dir='ltr'>nostrae</span> <span class='ocrx_word' id='word_1_284' title='bbox 2176 3644 2338 3710; x_wconf 89' lang='lat' dir='ltr'>ratio</span> <span class='ocrx_word' id='word_1_285' title='bbox 2385 3644 2657 3724; x_wconf 82' lang='lat' dir='ltr'>moveat,</span> <span class='ocrx_word' id='word_1_286' title='bbox 2709 3643 2763 3707; x_wconf 90' lang='lat' dir='ltr'>si</span> <span class='ocrx_word' id='word_1_287' title='bbox 2808 3643 2989 3708; x_wconf 86' lang='lat' dir='ltr'>nulla</span> 
     </span>
     <span class='ocr_line' id='line_1_33' title="bbox 647 3748 2993 3834; baseline -0.001 -18"><span class='ocrx_word' id='word_1_288' title='bbox 647 3751 939 3834; x_wconf 88' lang='lat' dir='ltr'>purgatio</span> <span class='ocrx_word' id='word_1_289' title='bbox 986 3751 1186 3817; x_wconf 90' lang='lat' dir='ltr'>nostri</span> <span class='ocrx_word' id='word_1_290' title='bbox 1254 3749 1561 3834; x_wconf 89' lang='lat' dir='ltr'>permissa</span> <span class='ocrx_word' id='word_1_291' title='bbox 1603 3748 1815 3831; x_wconf 90' lang='lat' dir='ltr'>fuerit,</span> <span class='ocrx_word' id='word_1_292' title='bbox 1888 3749 1996 3814; x_wconf 92' lang='lat' dir='ltr'>sed</span> <span class='ocrx_word' id='word_1_293' title='bbox 2040 3750 2277 3815; x_wconf 89' lang='lat' dir='ltr'>bestiae</span> <span class='ocrx_word' id='word_1_294' title='bbox 2322 3749 2589 3833; x_wconf 89' lang='lat' dir='ltr'>pedibus</span> <span class='ocrx_word' id='word_1_295' title='bbox 2636 3748 2993 3815; x_wconf 83' lang='lat' dir='ltr'>conculcati</span> 
     </span>
     <span class='ocr_line' id='line_1_34' title="bbox 645 3854 2991 3940; baseline -0.001 -17"><span class='ocrx_word' id='word_1_296' title='bbox 645 3858 971 3940; x_wconf 79' lang='lat' dir='ltr'>fuerimuS,</span> <span class='ocrx_word' id='word_1_297' title='bbox 1021 3856 1078 3923; x_wconf 91' lang='lat' dir='ltr'>si</span> <span class='ocrx_word' id='word_1_298' title='bbox 1104 3857 1174 3921; x_wconf 93' lang='lat' dir='ltr'>id</span> <span class='ocrx_word' id='word_1_299' title='bbox 1202 3858 1335 3922; x_wconf 92' lang='lat' dir='ltr'>Deo</span> <span class='ocrx_word' id='word_1_300' title='bbox 1379 3855 1472 3920; x_wconf 91' lang='lat' dir='ltr'>ita</span> <span class='ocrx_word' id='word_1_301' title='bbox 1500 3854 1828 3939; x_wconf 79' lang='lat' dir='ltr'>placuerit,</span> <span class='ocrx_word' id='word_1_302' title='bbox 1878 3857 2157 3939; x_wconf 87' lang='lat' dir='ltr'>exempla</span> <span class='ocrx_word' id='word_1_303' title='bbox 2201 3855 2568 3921; x_wconf 89' lang='lat' dir='ltr'>tolerantiae</span> <span class='ocrx_word' id='word_1_304' title='bbox 2614 3855 2991 3922; x_wconf 86' lang='lat' dir='ltr'>Sanctorum</span> 
     </span>
     <span class='ocr_line' id='line_1_35' title="bbox 647 3962 2990 4047; baseline -0 -17"><span class='ocrx_word' id='word_1_305' title='bbox 647 3964 767 4030; x_wconf 91' lang='lat' dir='ltr'>Dei</span> <span class='ocrx_word' id='word_1_306' title='bbox 812 3966 1054 4030; x_wconf 88' lang='lat' dir='ltr'>nostras</span> <span class='ocrx_word' id='word_1_307' title='bbox 1101 3963 1475 4030; x_wconf 90' lang='lat' dir='ltr'>afflictiones</span> <span class='ocrx_word' id='word_1_308' title='bbox 1521 3962 2013 4027; x_wconf 89' lang='lat' dir='ltr'>consolabuntur</span> <span class='ocrx_word' id='word_1_309' title='bbox 2054 3962 2443 4047; x_wconf 84' lang='lat' dir='ltr'>levioresque</span> <span class='ocrx_word' id='word_1_310' title='bbox 2487 3962 2739 4046; x_wconf 74' lang='lat' dir='ltr'>facient,</span> <span class='ocrx_word' id='word_1_311' title='bbox 2793 3962 2990 4029; x_wconf 90' lang='lat' dir='ltr'>donec</span> 
     </span>
    </p>
   </div>
   <div class='ocr_carea' id='block_1_5' title="bbox 862 4121 1217 4192">
    <p class='ocr_par' dir='ltr' id='par_1_5' title="bbox 862 4121 1217 4192">
     <span class='ocr_line' id='line_1_36' title="bbox 862 4121 1217 4192; baseline 0.006 -16"><span class='ocrx_word' id='word_1_312' title='bbox 862 4121 910 4192; x_wconf 84' lang='lat'>⁰)</span> <span class='ocrx_word' id='word_1_313' title='bbox 948 4123 1085 4177; x_wconf 58' lang='lat' dir='ltr'>Ma:</span> <span class='ocrx_word' id='word_1_314' title='bbox 1121 4124 1217 4178; x_wconf 81' lang='lat' dir='ltr'>sic.</span> 
     </span>
    </p>
   </div>
   <div class='ocr_carea' id='block_1_6' title="bbox 654 4222 1078 4234">
    <p class='ocr_par' dir='ltr' id='par_1_6' title="bbox 654 4222 1078 4234">
     <span class='ocr_line' id='line_1_37' title="bbox 654 4222 1078 4234; baseline 0 841"><span class='ocrx_word' id='word_1_315' title='bbox 654 4222 1078 4234; x_wconf 95' lang='lat' dir='ltr'> </span> 
     </span>
    </p>
   </div>
   <div class='ocr_carea' id='block_1_7' title="bbox 650 4279 2991 4440">
    <p class='ocr_par' dir='ltr' id='par_1_7' title="bbox 650 4279 2991 4440">
     <span class='ocr_line' id='line_1_38' title="bbox 865 4279 2991 4352; baseline -0.003 -14"><span class='ocrx_word' id='word_1_316' title='bbox 865 4281 907 4348; x_wconf 86' lang='lat'>²)</span> <span class='ocrx_word' id='word_1_317' title='bbox 943 4281 1068 4352; x_wconf 90' lang='lat' dir='ltr'>Vgl.</span> <span class='ocrx_word' id='word_1_318' title='bbox 1093 4281 1383 4337; x_wconf 84' lang='lat' dir='ltr'>besonders</span> <span class='ocrx_word' id='word_1_319' title='bbox 1406 4280 1543 4336; x_wconf 86' lang='lat' dir='ltr'>Vers</span> <span class='ocrx_word' id='word_1_320' title='bbox 1571 4281 1619 4349; x_wconf 80' lang='lat'>7,</span> <span class='ocrx_word' id='word_1_321' title='bbox 1640 4281 1675 4335; x_wconf 84' lang='lat'>8</span> <span class='ocrx_word' id='word_1_322' title='bbox 1692 4297 1747 4335; x_wconf 89' lang='lat' dir='ltr'>u.</span> <span class='ocrx_word' id='word_1_323' title='bbox 1766 4281 1835 4334; x_wconf 86' lang='grc'>23</span> <span class='ocrx_word' id='word_1_324' title='bbox 1855 4279 1913 4335; x_wconf 80' lang='lat' dir='ltr'>ff.</span> <span class='ocrx_word' id='word_1_325' title='bbox 1939 4310 2006 4320; x_wconf 95' lang='lat'><strong>—</strong></span> <span class='ocrx_word' id='word_1_326' title='bbox 2033 4279 2077 4348; x_wconf 73' lang='lat'>⁹)</span> <span class='ocrx_word' id='word_1_327' title='bbox 2100 4281 2299 4336; x_wconf 85' lang='lat' dir='ltr'>Daniel</span> <span class='ocrx_word' id='word_1_328' title='bbox 2326 4281 2375 4349; x_wconf 80' lang='lat'>7,</span> <span class='ocrx_word' id='word_1_329' title='bbox 2403 4280 2453 4337; x_wconf 81' lang='lat'>7.</span> <span class='ocrx_word' id='word_1_330' title='bbox 2479 4310 2546 4320; x_wconf 94' lang='lat'>—</span> <span class='ocrx_word' id='word_1_331' title='bbox 2572 4280 2619 4350; x_wconf 81' lang='lat'>⁸)</span> <span class='ocrx_word' id='word_1_332' title='bbox 2641 4279 2777 4336; x_wconf 78' lang='lat' dir='ltr'>Vere</span> <span class='ocrx_word' id='word_1_333' title='bbox 2803 4280 2893 4334; x_wconf 86' lang='grc'>21.</span> <span class='ocrx_word' id='word_1_334' title='bbox 2920 4308 2991 4319; x_wconf 90' lang='lat'>-—</span> 
     </span>
     <span class='ocr_line' id='line_1_39' title="bbox 650 4368 1813 4440; baseline 0.003 -17"><span class='ocrx_word' id='word_1_335' title='bbox 650 4368 695 4439; x_wconf 87' lang='lat'>⁴)</span> <span class='ocrx_word' id='word_1_336' title='bbox 732 4369 867 4423; x_wconf 82' lang='lat' dir='ltr'>Vers</span> <span class='ocrx_word' id='word_1_337' title='bbox 908 4368 991 4426; x_wconf 83' lang='lat'>15.</span> <span class='ocrx_word' id='word_1_338' title='bbox 1061 4369 1187 4440; x_wconf 85' lang='lat' dir='ltr'>Vgl.</span> <span class='ocrx_word' id='word_1_339' title='bbox 1225 4369 1364 4425; x_wconf 79' lang='lat' dir='ltr'>auch</span> <span class='ocrx_word' id='word_1_340' title='bbox 1400 4369 1599 4425; x_wconf 82' lang='lat' dir='ltr'>Daniel</span> <span class='ocrx_word' id='word_1_341' title='bbox 1638 4371 1689 4440; x_wconf 88' lang='lat'>9,</span> <span class='ocrx_word' id='word_1_342' title='bbox 1726 4369 1813 4426; x_wconf 75' lang='lat'>⁶27.</span> 
     </span>
    </p>
   </div>
  </div>
 </body>
</html>
