3259 5075
297 3696 400 3769 Ἴ).
436 3695 560 3752 511.

561 325 694 391 614
1421 322 1606 390 Anno
1659 323 1833 389 1534
1876 324 2031 389 acta.

559 520 598 567 a
625 500 905 583 rusticis,
955 500 1384 567 sacerdotibus
1431 502 1495 565 et
1540 499 1788 565 civibus
1834 500 2179 582 extorquet.
2248 498 2318 564 Si
2346 499 2677 582 episcopus
2707 501 2919 565 vester

561 607 797 672 bonum
825 609 1140 690 pastorem
1174 611 1404 692 ageret,
1453 608 1719 673 verbum
1748 607 1867 672 Dei
1896 606 2122 672 maiori
2155 606 2367 672 studio
2399 608 2915 690 amplecteretur;

561 712 619 778 si
661 714 1088 797 evangelicam
1132 716 1198 779 et
1241 714 1625 797 scripturam
1694 732 1935 778 sacram
2002 713 2358 779 accuratius
2421 714 2763 795 evolveret,
2834 712 2920 778 ad

559 819 737 885 aliud
782 819 1024 886 bellum
1069 840 1135 885 se
1180 823 1468 887 armaret.
1560 819 1914 887 vidistisne
1958 839 2242 904 unquam
2298 821 2492 887 talem
2536 818 2916 905 principem,

559 924 674 1009 qui
720 925 855 991 sine
899 926 1157 1010 publica
1199 927 1355 992 belli
1386 926 1871 993 denunciatione
1915 927 2085 992 bella
2112 926 2422 1010 gesserit?
2486 926 2768 991 Verbum
2797 925 2922 991 Dei

562 1050 630 1096 se
673 1030 1078 1097 defensurum
1122 1033 1442 1116 promisit3
1513 1053 1593 1098 an
1639 1031 1806 1097 illud
1850 1032 2070 1114 faciat,
2130 1031 2297 1097 facta
2342 1031 2682 1097 declarant.
2755 1031 2922 1095 Acta

561 1136 1007 1219 Apostolorum
1059 1138 1370 1221 perlegat,
1421 1138 1587 1203 unde
1634 1138 2056 1222 deprehendet
2100 1138 2305 1205 Deum
2350 1138 2768 1222 baptismum,
2818 1135 2922 1201 uti

564 1261 604 1308 a
646 1243 827 1309 nobis
878 1245 1241 1326 usurpatur,
1312 1244 1670 1310 instituisse
1740 1245 2074 1329 omniaque
2133 1245 2299 1310 bona
2365 1245 2497 1309 fore
2556 1241 2923 1309 communia

565 1349 831 1416 edixisse
852 1352 893 1432 ¹,
942 1369 1132 1432 quam
1163 1349 1514 1415 doctrinam
1559 1370 1673 1416 nos
1705 1370 1952 1435 quoque
1983 1350 2324 1432 amplexati
2370 1369 2608 1416 sumus.
2683 1350 2770 1415 Et
2815 1367 2923 1413 ex·

563 1455 899 1540 periemur‚
969 1455 1124 1541 quid
1169 1455 1280 1521 ille
1326 1457 1391 1521 et
1435 1477 1543 1522 vos
1604 1456 1904 1523 adversus
1950 1476 2063 1522 nos
2121 1456 2323 1522 facere
2369 1455 2645 1539 possitis
2741 1453 2922 1538 Ignis

566 1562 852 1628 coelestis
898 1580 1007 1627 vos
1053 1565 1287 1644 exuret,
1353 1562 1724 1647 priusquam
1768 1564 2034 1628 verbum
2080 1562 2199 1628 Dei
2244 1582 2310 1628 se
2356 1582 2393 1628 a
2437 1561 2616 1627 vobis
2663 1560 2925 1627 concul-

564 1668 696 1734 cari
741 1667 1038 1751 patietur.
1131 1667 1353 1733 Nonne
1397 1668 1671 1733 Paulum
1714 1668 1982 1734 coeleste
2050 1668 2270 1752 fulgur
2312 1667 2686 1753 perstrinxit
2731 1669 2797 1733 et
2841 1666 2929 1731 ad

564 1777 801 1840 terram
846 1774 1100 1855 deiecit,
1152 1793 1296 1839 cum
1343 1774 1720 1840 christianos
1769 1777 1833 1840 et
1876 1775 2141 1839 verbum
2186 1775 2307 1841 Dei
2352 1774 2507 1841 satis
2554 1775 2930 1858 arroganter

568 1884 634 1947 et
680 1881 945 1964 superbe
1006 1880 1526 1964 persequeretur?
1614 1880 1890 1946 Proinde
1937 1880 2431 1946 admonitionem
2487 1879 2812 1945 admittite
2860 1880 2928 1945 et

568 1987 918 2071 expendite,
990 1986 1288 2052 adversus
1334 2006 1520 2071 quem
1567 1989 1883 2052 certamen
1930 1987 2369 2070 susceperitis!
2462 1986 2757 2052 Christus
2805 1986 2925 2067 est,

573 2112 760 2177 quem
806 2093 1208 2176 oppugnatis,
1256 2092 1549 2156 dominus
1597 2111 1789 2175 super
1834 2110 2047 2157 omnes
2095 2092 2432 2176 principes,
2511 2092 2698 2157 Illius
2743 2110 2929 2175 prae-

573 2198 735 2263 sidio
767 2198 1148 2264 confidentes
1181 2218 1292 2264 nos
1324 2197 1761 2280 defendemus3
1811 2197 2062 2264 etiamsi
2107 2218 2443 2264 numerum
2474 2218 2696 2263 arenae
2727 2197 2929 2263 maris

574 2303 1081 2385 exuperaveritis‚
1130 2303 1544 2368 nihilominus
1591 2303 1886 2369 adversus
1918 2324 2027 2370 vos
2076 2305 2512 2389 sanguinarios
2560 2306 2626 2369 et
2669 2303 2929 2369 rabidos

575 2428 757 2474 canes
803 2409 1103 2492 persistet
1145 2408 1453 2474 Dominus
1500 2410 1564 2474 et
1609 2408 1816 2474 minas
1884 2411 2123 2474 vestras
2170 2410 2422 2476 ridebit.
2516 2411 2688 2475 Haec
2734 2409 2935 2474 verba

574 2515 924 2600 penetralia
967 2516 1174 2582 cordis
1219 2515 1413 2581 vestri
1479 2517 1764 2599 tangant,
1812 2516 1878 2581 et
1921 2516 2277 2583 accuratius
2345 2515 2515 2600 apud
2559 2534 2670 2582 vos
2717 2514 2935 2580 consi-

577 2622 806 2705 derate,
873 2642 1033 2688 anne
1078 2642 1187 2688 vos
1234 2622 1474 2688 diaboli
1539 2622 1860 2707 mancipia
1905 2623 2122 2688 contra
2165 2623 2371 2688 Deum
2415 2623 2484 2688 in
2531 2622 2773 2706 proelia
2817 2621 2934 2688 de-

577 2727 909 2794 scendatis.
976 2728 1136 2811 Heu,
1186 2728 1265 2793 ad
1297 2747 1484 2813 quam
1532 2728 1899 2794 caecitatem
1930 2744 2042 2793 vos
2089 2729 2480 2813 sanguinarii
2525 2748 2708 2795 canes
2741 2729 2936 2794 deve-

577 2833 785 2915 1113113,
835 2836 911 2899 ut
953 2836 1154 2900 Deum
1188 2836 1572 2919 verbumque
1619 2833 1797 2900 illius
1841 2833 2177 2917 profligare
2208 2835 2524 2900 audeatis!
2594 2833 2725 2900 Cur
2753 2853 2936 2900 ama-

577 2941 849 3006 rulentis
893 2940 995 3007 his
1027 2941 1217 3007 dictis
1261 2961 1376 3026 per
1405 2943 1840 3025 contemptum
1885 2960 1999 3006 nos
2030 2940 2362 3024 exagitatis
2393 2942 2459 3006 et
2489 2939 2935 3025 frequentibus

577 3047 1132 3114 vociferationibus
1176 3047 1517 3114 lacessitis:
1570 3047 1814 3130 „Pater,
1865 3047 2129 3130 spiritus
2176 3066 2354 3112 meus
2400 3046 2648 3131 appetit
2678 3064 2937 3111 carnem

579 3154 910 3222 tuam!“⁹?
1000 3155 1069 3220 Si
1114 3157 1324 3221 exacte
1379 3153 1556 3220 vobis
1601 3154 1814 3219 omnia
1877 3154 2092 3219 nostra
2152 3172 2338 3236 opera
2380 3153 2590 3219 essent
2655 3151 2933 3236 cognita

580 3260 938 3327 immutatis
969 3260 1176 3326 verbis
1207 3260 1361 3325 haec
1406 3259 1926 3344 pronunciaretis.
1994 3260 2117 3325 Sed
2146 3259 2406 3343 fugitivi
2435 3260 2603 3325 cives
2637 3259 2714 3324 de
2746 3259 2939 3324 nobis

581 3366 735 3432 haec
781 3367 1150 3449 sparserunt
1193 3366 1493 3451 vobisque
1538 3385 1687 3431 vera
1729 3385 1861 3431 esse
1906 3367 2369 3450 persuaserunt.
2438 3365 2679 3449 Rogate
2724 3365 2939 3430 Deum

584 3475 648 3537 et
693 3471 940 3557 flagitia
983 3476 1192 3538 vestra
1235 3472 1555 3556 agnoscite
1600 3474 1665 3537 et
1708 3471 2051 3538 erudimini
2111 3472 2429 3557 scriptura
2473 3489 2676 3553 sacra3
2740 3489 2940 3554 quam

583 3578 644 3643 si
686 3598 812 3644 non
869 3577 1261 3661 intelligitis,
1332 3578 1457 3643 huc
1502 3576 1582 3643 ad
1630 3594 1742 3643 nos
1787 3578 2135 3644 concedite!
2228 3577 2387 3661 Nos,
2435 3578 2492 3644 si
2536 3596 2649 3642 vos
2697 3576 2937 3642 dociles

583 3683 1021 3767 praebueritis,
1093 3683 1476 3766 scripturam
1537 3682 1618 3747 ad
1674 3680 2016 3748 *amussim
2084 3682 2560 3765 explicabimus
2656 3681 2726 3747 Si
2786 3701 2939 3748 vero

583 3789 1024 3874 interpretatio
1054 3790 1270 3855 nostra
1307 3807 1433 3854 non
1477 3788 1807 3872 placuerit,
1855 3788 2017 3853 illud
2049 3788 2231 3854 nobis
2261 3807 2461 3873 neque
2505 3786 2947 3853 commodabit

583 3914 785 3980 neque
829 3895 1341 3962 incommodabit.
1418 3894 1722 3960 Liberum
1754 3913 1790 3959 a
1819 3894 2001 3960 nobis
2033 3913 2408 3978 quocunque
2448 3896 2733 3977 tempore
2763 3913 2942 3959 com-

581 4003 860 4067 meatum
908 4002 1238 4069 recedendi
1283 3999 1730 4086 impetrabitis,
1801 4019 2002 4085 neque
2046 4001 2217 4066 enim
2260 4021 2371 4068 vos
2416 4001 2653 4067 invitos
2700 4001 2942 4066 retine-

585 4213 824 4270 Geldnot
847 4214 942 4270 des
963 4214 1215 4272 Bischofs
1251 4213 1351 4268 hat
1373 4214 1554 4270 Keras.
1592 4212 1761 4269 schon
1785 4212 1925 4268 oben
1961 4212 2016 4267 S.
2042 4212 2144 4266 551
2183 4210 2641 4283 Knipperdolling
2675 4213 2734 4266 in
2759 4212 2951 4267 seiner

584 4302 803 4375 grossen
839 4303 989 4359 Rede
1023 4320 1090 4359 zu
1125 4304 1342 4374 Beginn
1376 4303 1474 4359 der
1506 4302 1860 4373 Belagerung
1892 4301 2187 4356 hinweisen
2221 4300 2420 4357 lassen.

801 4393 846 4464 ¹)
880 4392 1223 4464 Anspielung
1246 4392 1348 4447 auf
1376 4391 1517 4449 Acta
1539 4391 1730 4462 Apost.
1756 4391 1808 4460 2,
1827 4390 1899 4445 38
1916 4407 1971 4446 11.
1989 4392 2042 4459 2,
2060 4389 2132 4445 44
2150 4389 2190 4446 f.
2227 4419 2295 4430 —
2336 4388 2379 4457 ²)
2411 4388 2539 4460 Vgl.
2567 4390 2707 4445 oben
2733 4388 2788 4446 8.
2816 4389 2948 4445 589.
