<?xml version="1.0" encoding="UTF-8"?>
<!DOCTYPE html PUBLIC "-//W3C//DTD XHTML 1.0 Transitional//EN"
    "http://www.w3.org/TR/xhtml1/DTD/xhtml1-transitional.dtd">
<html xmlns="http://www.w3.org/1999/xhtml" xml:lang="en" lang="en">
 <head>
  <title>
</title>
<meta http-equiv="Content-Type" content="text/html;charset=utf-8" />
  <meta name='ocr-system' content='tesseract 3.04.00' />
  <meta name='ocr-capabilities' content='ocr_page ocr_carea ocr_par ocr_line ocrx_word'/>
</head>
<body>
  <div class='ocr_page' id='page_1' title='image "./hermanniakersse00westgoog_0048.png"; bbox 0 0 3259 5075; ppageno 0'>
   <div class='ocr_carea' id='block_1_1' title="bbox 540 250 2011 317">
    <p class='ocr_par' dir='ltr' id='par_1_1' title="bbox 540 250 2011 317">
     <span class='ocr_line' id='line_1_1' title="bbox 540 250 2011 317; baseline 0.003 -4"><span class='ocrx_word' id='word_1_1' title='bbox 540 250 675 314; x_wconf 80' lang='lat'><strong>424</strong></span> <span class='ocrx_word' id='word_1_2' title='bbox 1402 250 1584 317; x_wconf 89' lang='lat' dir='ltr'><strong>Anno</strong></span> <span class='ocrx_word' id='word_1_3' title='bbox 1641 254 1807 316; x_wconf 79' lang='lat'><strong>1533</strong></span> <span class='ocrx_word' id='word_1_4' title='bbox 1853 255 2011 317; x_wconf 90' lang='lat' dir='ltr'><strong>acta.</strong></span> 
     </span>
    </p>
   </div>
   <div class='ocr_carea' id='block_1_2' title="bbox 208 425 2888 2318">
    <p class='ocr_par' dir='ltr' id='par_1_2' title="bbox 539 425 2887 616">
     <span class='ocr_line' id='line_1_2' title="bbox 541 425 2887 513; baseline -0.001 -22"><span class='ocrx_word' id='word_1_5' title='bbox 541 426 758 491; x_wconf 89' lang='lat' dir='ltr'><strong>sultat.</strong></span> <span class='ocrx_word' id='word_1_6' title='bbox 851 425 1054 506; x_wconf 88' lang='lat' dir='ltr'><strong>Quam</strong></span> <span class='ocrx_word' id='word_1_7' title='bbox 1101 445 1247 490; x_wconf 90' lang='lat' dir='ltr'><strong>cum</strong></span> <span class='ocrx_word' id='word_1_8' title='bbox 1294 426 1427 492; x_wconf 89' lang='lat' dir='ltr'><strong>sine</strong></span> <span class='ocrx_word' id='word_1_9' title='bbox 1495 425 1805 492; x_wconf 88' lang='lat' dir='ltr'><strong>horrenda</strong></span> <span class='ocrx_word' id='word_1_10' title='bbox 1850 427 2030 510; x_wconf 86' lang='lat' dir='ltr'><strong>vulgi</strong></span> <span class='ocrx_word' id='word_1_11' title='bbox 2097 427 2405 493; x_wconf 91' lang='lat' dir='ltr'><strong>seditione</strong></span> <span class='ocrx_word' id='word_1_12' title='bbox 2452 431 2516 494; x_wconf 92' lang='lat' dir='ltr'><strong>et</strong></span> <span class='ocrx_word' id='word_1_13' title='bbox 2563 427 2887 513; x_wconf 81' lang='lat' dir='ltr'><strong>sanguinis</strong></span> 
     </span>
     <span class='ocr_line' id='line_1_3' title="bbox 539 532 2886 616; baseline 0.001 -20"><span class='ocrx_word' id='word_1_14' title='bbox 539 532 840 597; x_wconf 87' lang='lat' dir='ltr'><strong>effusione</strong></span> <span class='ocrx_word' id='word_1_15' title='bbox 885 532 951 597; x_wconf 82' lang='lat' dir='ltr'><strong>vi</strong></span> <span class='ocrx_word' id='word_1_16' title='bbox 989 533 1322 598; x_wconf 89' lang='lat' dir='ltr'><strong>retundere</strong></span> <span class='ocrx_word' id='word_1_17' title='bbox 1368 552 1433 598; x_wconf 91' lang='lat' dir='ltr'><strong>se</strong></span> <span class='ocrx_word' id='word_1_18' title='bbox 1464 553 1589 599; x_wconf 89' lang='lat' dir='ltr'><strong>non</strong></span> <span class='ocrx_word' id='word_1_19' title='bbox 1637 552 1813 616; x_wconf 88' lang='lat' dir='ltr'><strong>posse</strong></span> <span class='ocrx_word' id='word_1_20' title='bbox 1859 533 2265 615; x_wconf 83' lang='lat' dir='ltr'><strong>existimaret,</strong></span> <span class='ocrx_word' id='word_1_21' title='bbox 2314 534 2716 599; x_wconf 84' lang='lat' dir='ltr'><strong>incruentum</strong></span> <span class='ocrx_word' id='word_1_22' title='bbox 2761 533 2886 598; x_wconf 88' lang='lat' dir='ltr'><strong>ita-</strong></span> 
     </span>
    </p>

    <p class='ocr_par' dir='ltr' id='par_1_3' title="bbox 536 639 2887 827">
     <span class='ocr_line' id='line_1_4' title="bbox 538 639 2885 722; baseline -0 -20"><span class='ocrx_word' id='word_1_23' title='bbox 538 657 658 721; x_wconf 89' lang='lat' dir='ltr'><strong>que</strong></span> <span class='ocrx_word' id='word_1_24' title='bbox 703 639 943 703; x_wconf 88' lang='lat' dir='ltr'><strong>bellum</strong></span> <span class='ocrx_word' id='word_1_25' title='bbox 987 639 1284 704; x_wconf 86' lang='lat' dir='ltr'><strong>adversus</strong></span> <span class='ocrx_word' id='word_1_26' title='bbox 1332 640 1519 705; x_wconf 90' lang='lat' dir='ltr'><strong>illum</strong></span> <span class='ocrx_word' id='word_1_27' title='bbox 1558 639 2031 722; x_wconf 90' lang='lat' dir='ltr'><strong>suscipiendum</strong></span> <span class='ocrx_word' id='word_1_28' title='bbox 2063 659 2198 705; x_wconf 89' lang='lat' dir='ltr'><strong>esse</strong></span> <span class='ocrx_word' id='word_1_29' title='bbox 2242 639 2540 722; x_wconf 90' lang='lat' dir='ltr'><strong>decernit,</strong></span> <span class='ocrx_word' id='word_1_30' title='bbox 2591 645 2663 704; x_wconf 89' lang='lat' dir='ltr'><strong>ut</strong></span> <span class='ocrx_word' id='word_1_31' title='bbox 2698 657 2885 722; x_wconf 88' lang='lat' dir='ltr'><strong>argu-</strong></span> 
     </span>
     <span class='ocr_line' id='line_1_5' title="bbox 536 744 2887 827; baseline 0 -19"><span class='ocrx_word' id='word_1_32' title='bbox 536 746 894 809; x_wconf 87' lang='lat' dir='ltr'><strong>mentorum</strong></span> <span class='ocrx_word' id='word_1_33' title='bbox 923 744 988 809; x_wconf 83' lang='lat' dir='ltr'><strong>vi</strong></span> <span class='ocrx_word' id='word_1_34' title='bbox 1035 749 1146 811; x_wconf 90' lang='lat' dir='ltr'><strong>aut</strong></span> <span class='ocrx_word' id='word_1_35' title='bbox 1191 745 1541 811; x_wconf 90' lang='lat' dir='ltr'><strong>debellatus</strong></span> <span class='ocrx_word' id='word_1_36' title='bbox 1573 748 1638 810; x_wconf 91' lang='lat' dir='ltr'><strong>et</strong></span> <span class='ocrx_word' id='word_1_37' title='bbox 1682 746 2053 827; x_wconf 84' lang='lat' dir='ltr'><strong>pudefactus</strong></span> <span class='ocrx_word' id='word_1_38' title='bbox 2103 745 2303 826; x_wconf 87' lang='lat' dir='ltr'><strong>sileat,</strong></span> <span class='ocrx_word' id='word_1_39' title='bbox 2354 749 2466 811; x_wconf 90' lang='lat' dir='ltr'><strong>aut</strong></span> <span class='ocrx_word' id='word_1_40' title='bbox 2510 746 2653 811; x_wconf 89' lang='lat' dir='ltr'><strong>telis</strong></span> <span class='ocrx_word' id='word_1_41' title='bbox 2686 744 2887 809; x_wconf 91' lang='lat' dir='ltr'><strong>acrio-</strong></span> 
     </span>
    </p>

    <p class='ocr_par' dir='ltr' id='par_1_4' title="bbox 534 849 2886 1147">
     <span class='ocr_line' id='line_1_6' title="bbox 537 849 2885 934; baseline 0.001 -21"><span class='ocrx_word' id='word_1_42' title='bbox 537 849 712 913; x_wconf 88' lang='lat' dir='ltr'>ribus</span> <span class='ocrx_word' id='word_1_43' title='bbox 745 868 778 913; x_wconf 91' lang='lat' dir='ltr'><strong>e</strong></span> <span class='ocrx_word' id='word_1_44' title='bbox 810 869 1130 914; x_wconf 87' lang='lat' dir='ltr'><strong>sacrarum</strong></span> <span class='ocrx_word' id='word_1_45' title='bbox 1176 851 1504 916; x_wconf 90' lang='lat' dir='ltr'><strong>literarum</strong></span> <span class='ocrx_word' id='word_1_46' title='bbox 1547 851 1846 934; x_wconf 86' lang='lat' dir='ltr'><strong>pharetra</strong></span> <span class='ocrx_word' id='word_1_47' title='bbox 1891 851 2277 934; x_wconf 80' lang='lat' dir='ltr'><strong>depromptis</strong></span> <span class='ocrx_word' id='word_1_48' title='bbox 2316 852 2385 915; x_wconf 92' lang='lat' dir='ltr'><strong>in</strong></span> <span class='ocrx_word' id='word_1_49' title='bbox 2418 853 2637 917; x_wconf 89' lang='lat' dir='ltr'><strong>senatu</strong></span> <span class='ocrx_word' id='word_1_50' title='bbox 2672 870 2885 915; x_wconf 89' lang='lat' dir='ltr'><strong>coram</strong></span> 
     </span>
     <span class='ocr_line' id='line_1_7' title="bbox 534 954 2885 1041; baseline 0.001 -22"><span class='ocrx_word' id='word_1_51' title='bbox 534 954 810 1020; x_wconf 89' lang='lat' dir='ltr'><strong>tribunis</strong></span> <span class='ocrx_word' id='word_1_52' title='bbox 852 958 916 1021; x_wconf 89' lang='lat' dir='ltr'><strong>et</strong></span> <span class='ocrx_word' id='word_1_53' title='bbox 961 958 1468 1023; x_wconf 89' lang='lat' dir='ltr'><strong>mechanicorum</strong></span> <span class='ocrx_word' id='word_1_54' title='bbox 1515 957 1912 1040; x_wconf 79' lang='lat' dir='ltr'><strong>praesidibus</strong></span> <span class='ocrx_word' id='word_1_55' title='bbox 1959 976 2071 1041; x_wconf 89' lang='lat' dir='ltr'><strong>per</strong></span> <span class='ocrx_word' id='word_1_56' title='bbox 2100 957 2266 1022; x_wconf 82' lang='lat' dir='ltr'><strong>viros</strong></span> <span class='ocrx_word' id='word_1_57' title='bbox 2313 959 2470 1023; x_wconf 91' lang='lat' dir='ltr'><strong>bene</strong></span> <span class='ocrx_word' id='word_1_58' title='bbox 2516 957 2885 1023; x_wconf 86' lang='lat' dir='ltr'><strong>exercitatos</strong></span> 
     </span>
     <span class='ocr_line' id='line_1_8' title="bbox 534 1061 2886 1147; baseline 0.001 -22"><span class='ocrx_word' id='word_1_59' title='bbox 534 1061 854 1126; x_wconf 86' lang='lat' dir='ltr'><strong>confossus</strong></span> <span class='ocrx_word' id='word_1_60' title='bbox 926 1062 1257 1128; x_wconf 75' lang='lat' dir='ltr'><strong>seditiosae</strong></span> <span class='ocrx_word' id='word_1_61' title='bbox 1318 1063 1522 1145; x_wconf 90' lang='lat' dir='ltr'><strong>plebis</strong></span> <span class='ocrx_word' id='word_1_62' title='bbox 1568 1063 1816 1127; x_wconf 89' lang='lat' dir='ltr'><strong>desinat</strong></span> <span class='ocrx_word' id='word_1_63' title='bbox 1861 1083 1994 1128; x_wconf 91' lang='lat' dir='ltr'><strong>esse</strong></span> <span class='ocrx_word' id='word_1_64' title='bbox 2039 1066 2262 1146; x_wconf 83' lang='lat' dir='ltr'><strong>caput3</strong></span> <span class='ocrx_word' id='word_1_65' title='bbox 2333 1083 2490 1147; x_wconf 90' lang='lat' dir='ltr'><strong>quae</strong></span> <span class='ocrx_word' id='word_1_66' title='bbox 2535 1064 2696 1128; x_wconf 92' lang='lat' dir='ltr'><strong>ratio</strong></span> <span class='ocrx_word' id='word_1_67' title='bbox 2743 1063 2886 1128; x_wconf 83' lang='lat' dir='ltr'><strong>vin-</strong></span> 
     </span>
    </p>

    <p class='ocr_par' dir='ltr' id='par_1_5' title="bbox 533 1167 2885 1360">
     <span class='ocr_line' id='line_1_9' title="bbox 533 1167 2884 1255; baseline 0.001 -22"><span class='ocrx_word' id='word_1_68' title='bbox 533 1167 714 1233; x_wconf 90' lang='lat' dir='ltr'><strong>cendi</strong></span> <span class='ocrx_word' id='word_1_69' title='bbox 746 1170 821 1233; x_wconf 91' lang='lat' dir='ltr'><strong>ut</strong></span> <span class='ocrx_word' id='word_1_70' title='bbox 851 1168 938 1234; x_wconf 91' lang='lat' dir='ltr'><strong>sit</strong></span> <span class='ocrx_word' id='word_1_71' title='bbox 984 1169 1325 1251; x_wconf 88' lang='lat' dir='ltr'><strong>tutissima,</strong></span> <span class='ocrx_word' id='word_1_72' title='bbox 1374 1171 1467 1235; x_wconf 90' lang='lat' dir='ltr'><strong>ita</strong></span> <span class='ocrx_word' id='word_1_73' title='bbox 1497 1190 1743 1255; x_wconf 89' lang='lat' dir='ltr'><strong>quoque</strong></span> <span class='ocrx_word' id='word_1_74' title='bbox 1787 1171 2057 1236; x_wconf 82' lang='lat' dir='ltr'><strong>maxime</strong></span> <span class='ocrx_word' id='word_1_75' title='bbox 2104 1171 2486 1254; x_wconf 91' lang='lat' dir='ltr'><strong>reipublicae</strong></span> <span class='ocrx_word' id='word_1_76' title='bbox 2532 1172 2884 1253; x_wconf 86' lang='lat' dir='ltr'><strong>profutura.</strong></span> 
     </span>
     <span class='ocr_line' id='line_1_10' title="bbox 744 1275 2885 1360; baseline 0 -20"><span class='ocrx_word' id='word_1_77' title='bbox 744 1275 1015 1340; x_wconf 88' lang='lat' dir='ltr'><strong>Proinde</strong></span> <span class='ocrx_word' id='word_1_78' title='bbox 1086 1277 1165 1341; x_wconf 91' lang='lat' dir='ltr'><strong>ab</strong></span> <span class='ocrx_word' id='word_1_79' title='bbox 1236 1278 1595 1342; x_wconf 83' lang='lat' dir='ltr'><strong>Hermanno</strong></span> <span class='ocrx_word' id='word_1_80' title='bbox 1656 1277 1932 1343; x_wconf 82' lang='lat' dir='ltr'><strong>Buschio</strong></span> <span class='ocrx_word' id='word_1_81' title='bbox 1958 1281 1998 1360; x_wconf 88' lang='lat'><strong>¹,</strong></span> <span class='ocrx_word' id='word_1_82' title='bbox 2070 1278 2370 1343; x_wconf 90' lang='lat' dir='ltr'><strong>militaris</strong></span> <span class='ocrx_word' id='word_1_83' title='bbox 2437 1278 2676 1343; x_wconf 89' lang='lat' dir='ltr'><strong>ordinis</strong></span> <span class='ocrx_word' id='word_1_84' title='bbox 2748 1277 2885 1342; x_wconf 82' lang='lat' dir='ltr'><strong>viro</strong></span> 
     </span>
    </p>

    <p class='ocr_par' dir='ltr' id='par_1_6' title="bbox 529 1382 2888 1574">
     <span class='ocr_line' id='line_1_11' title="bbox 529 1382 2888 1465; baseline 0.002 -20"><span class='ocrx_word' id='word_1_85' title='bbox 529 1382 835 1465; x_wconf 87' lang='lat' dir='ltr'><strong>poetaque</strong></span> <span class='ocrx_word' id='word_1_86' title='bbox 902 1382 1171 1465; x_wconf 85' lang='lat' dir='ltr'><strong>insigni,</strong></span> <span class='ocrx_word' id='word_1_87' title='bbox 1242 1402 1315 1448; x_wconf 90' lang='lat' dir='ltr'><strong>ac</strong></span> <span class='ocrx_word' id='word_1_88' title='bbox 1377 1384 1610 1449; x_wconf 82' lang='lat' dir='ltr'><strong>Ioanne</strong></span> <span class='ocrx_word' id='word_1_89' title='bbox 1656 1384 2040 1450; x_wconf 91' lang='lat' dir='ltr'><strong>Holtmanno</strong></span> <span class='ocrx_word' id='word_1_90' title='bbox 2101 1385 2444 1465; x_wconf 87' lang='lat' dir='ltr'><strong>Ahusiano,</strong></span> <span class='ocrx_word' id='word_1_91' title='bbox 2518 1384 2760 1449; x_wconf 91' lang='lat' dir='ltr'><strong>seniore</strong></span> <span class='ocrx_word' id='word_1_92' title='bbox 2820 1386 2888 1449; x_wconf 90' lang='lat' dir='ltr'><strong>et</strong></span> 
     </span>
     <span class='ocr_line' id='line_1_12' title="bbox 531 1487 2886 1574; baseline 0.002 -24"><span class='ocrx_word' id='word_1_93' title='bbox 531 1487 940 1570; x_wconf 90' lang='lat' dir='ltr'><strong>scripturario</strong></span> <span class='ocrx_word' id='word_1_94' title='bbox 988 1489 1524 1571; x_wconf 83' lang='lat' dir='ltr'><strong>Fontissalientis‚</strong></span> <span class='ocrx_word' id='word_1_95' title='bbox 1574 1493 1639 1556; x_wconf 92' lang='lat' dir='ltr'><strong>et</strong></span> <span class='ocrx_word' id='word_1_96' title='bbox 1684 1490 1824 1555; x_wconf 91' lang='lat' dir='ltr'><strong>aliis</strong></span> <span class='ocrx_word' id='word_1_97' title='bbox 1872 1490 2253 1574; x_wconf 89' lang='lat' dir='ltr'><strong>quibusdam</strong></span> <span class='ocrx_word' id='word_1_98' title='bbox 2299 1489 2620 1572; x_wconf 82' lang='lat' dir='ltr'><strong>facundia,</strong></span> <span class='ocrx_word' id='word_1_99' title='bbox 2670 1490 2886 1555; x_wconf 82' lang='lat' dir='ltr'><strong>erudi-</strong></span> 
     </span>
    </p>

    <p class='ocr_par' dir='ltr' id='par_1_7' title="bbox 208 1593 2883 1894">
     <span class='ocr_line' id='line_1_13' title="bbox 527 1593 2879 1680; baseline 0.002 -23"><span class='ocrx_word' id='word_1_100' title='bbox 527 1593 701 1659; x_wconf 88' lang='lat' dir='ltr'><strong>tione</strong></span> <span class='ocrx_word' id='word_1_101' title='bbox 746 1597 810 1659; x_wconf 92' lang='lat' dir='ltr'><strong>et</strong></span> <span class='ocrx_word' id='word_1_102' title='bbox 865 1595 1099 1678; x_wconf 88' lang='lat' dir='ltr'><strong>pietate</strong></span> <span class='ocrx_word' id='word_1_103' title='bbox 1168 1597 1698 1680; x_wconf 80' lang='lat' dir='ltr'><strong>praecellentibus</strong></span> <span class='ocrx_word' id='word_1_104' title='bbox 1762 1597 1915 1662; x_wconf 88' lang='lat' dir='ltr'><strong>viris</strong></span> <span class='ocrx_word' id='word_1_105' title='bbox 1938 1598 1963 1637; x_wconf 78' lang='lat'>²</span> <span class='ocrx_word' id='word_1_106' title='bbox 2022 1597 2318 1663; x_wconf 85' lang='lat' dir='ltr'><strong>adversus</strong></span> <span class='ocrx_word' id='word_1_107' title='bbox 2385 1596 2879 1678; x_wconf 87' lang='lat' dir='ltr'><strong>Rothmannum,</strong></span> 
     </span>
     <span class='ocr_line' id='line_1_14' title="bbox 208 1702 2879 1788; baseline 0.003 -29"><span class='ocrx_word' id='word_1_108' title='bbox 208 1715 500 1771; x_wconf 60' lang='lat' dir='ltr'><strong>amans.</strong></span> <span class='ocrx_word' id='word_1_109' title='bbox 529 1719 718 1784; x_wconf 87' lang='lat' dir='ltr'><strong>quem</strong></span> <span class='ocrx_word' id='word_1_110' title='bbox 764 1702 1387 1785; x_wconf 74' lang='lat' dir='ltr'><strong>superintendentem</strong></span> <span class='ocrx_word' id='word_1_111' title='bbox 1407 1705 1434 1743; x_wconf 79' lang='lat'>³</span> <span class='ocrx_word' id='word_1_112' title='bbox 1479 1704 1900 1786; x_wconf 87' lang='lat' dir='ltr'><strong>appellabant,</strong></span> <span class='ocrx_word' id='word_1_113' title='bbox 1950 1723 2220 1788; x_wconf 89' lang='lat' dir='ltr'><strong>suosque</strong></span> <span class='ocrx_word' id='word_1_114' title='bbox 2268 1703 2574 1769; x_wconf 85' lang='lat' dir='ltr'><strong>satellites</strong></span> <span class='ocrx_word' id='word_1_115' title='bbox 2626 1705 2682 1768; x_wconf 84' lang='lat'><strong>7.</strong></span> <span class='ocrx_word' id='word_1_116' title='bbox 2718 1705 2782 1768; x_wconf 90' lang='lat' dir='ltr'><strong>et</strong></span> <span class='ocrx_word' id='word_1_117' title='bbox 2819 1705 2879 1768; x_wconf 85' lang='lat'><strong>8.</strong></span> 
     </span>
     <span class='ocr_line' id='line_1_15' title="bbox 527 1807 2883 1894; baseline 0.001 -23"><span class='ocrx_word' id='word_1_118' title='bbox 527 1808 802 1890; x_wconf 82' lang='lat' dir='ltr'><strong>Augusti</strong></span> <span class='ocrx_word' id='word_1_119' title='bbox 847 1807 916 1871; x_wconf 90' lang='lat' dir='ltr'><strong>in</strong></span> <span class='ocrx_word' id='word_1_120' title='bbox 946 1809 1227 1874; x_wconf 87' lang='lat' dir='ltr'><strong>conclavi</strong></span> <span class='ocrx_word' id='word_1_121' title='bbox 1274 1810 1584 1875; x_wconf 87' lang='lat' dir='ltr'><strong>senatorio</strong></span> <span class='ocrx_word' id='word_1_122' title='bbox 1631 1812 1956 1893; x_wconf 86' lang='lat' dir='ltr'><strong>praesente</strong></span> <span class='ocrx_word' id='word_1_123' title='bbox 1997 1813 2218 1876; x_wconf 89' lang='lat' dir='ltr'><strong>senatu</strong></span> <span class='ocrx_word' id='word_1_124' title='bbox 2263 1810 2631 1894; x_wconf 89' lang='lat' dir='ltr'><strong>plebeioque</strong></span> <span class='ocrx_word' id='word_1_125' title='bbox 2680 1809 2883 1892; x_wconf 88' lang='lat' dir='ltr'><strong>magi-</strong></span> 
     </span>
    </p>

    <p class='ocr_par' dir='ltr' id='par_1_8' title="bbox 526 1914 2883 2106">
     <span class='ocr_line' id='line_1_16' title="bbox 528 1914 2883 1999; baseline 0 -21"><span class='ocrx_word' id='word_1_126' title='bbox 528 1915 734 1979; x_wconf 90' lang='lat' dir='ltr'><strong>stratu</strong></span> <span class='ocrx_word' id='word_1_127' title='bbox 797 1914 1098 1979; x_wconf 82' lang='lat' dir='ltr'><strong>acerrime</strong></span> <span class='ocrx_word' id='word_1_128' title='bbox 1164 1918 1518 1999; x_wconf 88' lang='lat' dir='ltr'><strong>pugnatum</strong></span> <span class='ocrx_word' id='word_1_129' title='bbox 1565 1919 1678 1981; x_wconf 91' lang='lat' dir='ltr'><strong>est.</strong></span> <span class='ocrx_word' id='word_1_130' title='bbox 1772 1916 2181 1982; x_wconf 89' lang='lat' dir='ltr'><strong>Adhibentur</strong></span> <span class='ocrx_word' id='word_1_131' title='bbox 2239 1915 2391 1981; x_wconf 89' lang='lat' dir='ltr'><strong>huic</strong></span> <span class='ocrx_word' id='word_1_132' title='bbox 2437 1915 2709 1981; x_wconf 86' lang='lat' dir='ltr'><strong>examini</strong></span> <span class='ocrx_word' id='word_1_133' title='bbox 2755 1914 2883 1979; x_wconf 87' lang='lat' dir='ltr'><strong>duo</strong></span> 
     </span>
     <span class='ocr_line' id='line_1_17' title="bbox 526 2021 2881 2106; baseline 0.001 -23"><span class='ocrx_word' id='word_1_134' title='bbox 526 2022 876 2103; x_wconf 87' lang='lat' dir='ltr'><strong>exceptores</strong></span> <span class='ocrx_word' id='word_1_135' title='bbox 909 2040 1019 2085; x_wconf 88' lang='lat' dir='ltr'><strong>seu</strong></span> <span class='ocrx_word' id='word_1_136' title='bbox 1055 2021 1286 2087; x_wconf 90' lang='lat' dir='ltr'><strong>notarii</strong></span> <span class='ocrx_word' id='word_1_137' title='bbox 1332 2022 1710 2087; x_wconf 89' lang='lat' dir='ltr'><strong>sacramenti</strong></span> <span class='ocrx_word' id='word_1_138' title='bbox 1741 2022 2043 2106; x_wconf 84' lang='lat' dir='ltr'><strong>religione</strong></span> <span class='ocrx_word' id='word_1_139' title='bbox 2076 2022 2388 2104; x_wconf 90' lang='lat' dir='ltr'><strong>obstricti,</strong></span> <span class='ocrx_word' id='word_1_140' title='bbox 2436 2021 2546 2106; x_wconf 90' lang='lat' dir='ltr'><strong>qui</strong></span> <span class='ocrx_word' id='word_1_141' title='bbox 2581 2022 2881 2106; x_wconf 89' lang='lat' dir='ltr'><strong>utrinque</strong></span> 
     </span>
    </p>

    <p class='ocr_par' dir='ltr' id='par_1_9' title="bbox 240 2123 2884 2318">
     <span class='ocr_line' id='line_1_18' title="bbox 240 2123 2884 2214; baseline -0.003 -16"><span class='ocrx_word' id='word_1_142' title='bbox 240 2140 271 2173; x_wconf 72' lang='lat'><strong>‘¹</strong></span> <span class='ocrx_word' id='word_1_143' title='bbox 306 2159 344 2214; x_wconf 83' lang='lat' dir='ltr'><strong>p</strong></span> <span class='ocrx_word' id='word_1_144' title='bbox 379 2141 504 2198; x_wconf 85' lang='lat'><strong>381.</strong></span> <span class='ocrx_word' id='word_1_145' title='bbox 530 2123 740 2190; x_wconf 78' lang='lat' dir='ltr'><strong>*dicta</strong></span> <span class='ocrx_word' id='word_1_146' title='bbox 784 2129 847 2192; x_wconf 89' lang='lat' dir='ltr'><strong>et</strong></span> <span class='ocrx_word' id='word_1_147' title='bbox 893 2127 1216 2209; x_wconf 88' lang='lat' dir='ltr'><strong>disputata</strong></span> <span class='ocrx_word' id='word_1_148' title='bbox 1283 2129 1448 2193; x_wconf 92' lang='lat' dir='ltr'><strong>bona</strong></span> <span class='ocrx_word' id='word_1_149' title='bbox 1491 2128 1616 2193; x_wconf 90' lang='lat' dir='ltr'><strong>fide</strong></span> <span class='ocrx_word' id='word_1_150' title='bbox 1664 2128 2080 2194; x_wconf 90' lang='lat' dir='ltr'><strong>conscribant.</strong></span> <span class='ocrx_word' id='word_1_151' title='bbox 2175 2128 2386 2193; x_wconf 90' lang='lat' dir='ltr'><strong>Huius</strong></span> <span class='ocrx_word' id='word_1_152' title='bbox 2449 2126 2884 2213; x_wconf 88' lang='lat' dir='ltr'><strong>logomachiae</strong></span> 
     </span>
     <span class='ocr_line' id='line_1_19' title="bbox 525 2232 2878 2318; baseline 0.001 -22"><span class='ocrx_word' id='word_1_153' title='bbox 525 2232 654 2296; x_wconf 91' lang='lat' dir='ltr'><strong>tela</strong></span> <span class='ocrx_word' id='word_1_154' title='bbox 698 2232 995 2316; x_wconf 89' lang='lat' dir='ltr'><strong>utrinque</strong></span> <span class='ocrx_word' id='word_1_155' title='bbox 1063 2233 1292 2299; x_wconf 91' lang='lat' dir='ltr'><strong>emissa</strong></span> <span class='ocrx_word' id='word_1_156' title='bbox 1335 2237 1399 2300; x_wconf 89' lang='lat' dir='ltr'><strong>et</strong></span> <span class='ocrx_word' id='word_1_157' title='bbox 1444 2236 1750 2316; x_wconf 87' lang='lat' dir='ltr'><strong>contorta,</strong></span> <span class='ocrx_word' id='word_1_158' title='bbox 1822 2253 1980 2318; x_wconf 89' lang='lat' dir='ltr'><strong>quae</strong></span> <span class='ocrx_word' id='word_1_159' title='bbox 2045 2235 2213 2317; x_wconf 89' lang='lat' dir='ltr'><strong>apud</strong></span> <span class='ocrx_word' id='word_1_160' title='bbox 2259 2251 2361 2299; x_wconf 87' lang='lat' dir='ltr'><strong>me</strong></span> <span class='ocrx_word' id='word_1_161' title='bbox 2408 2236 2878 2316; x_wconf 82' lang='lat' dir='ltr'><strong>conservantur,</strong></span> 
     </span>
    </p>
   </div>
   <div class='ocr_carea' id='block_1_3' title="bbox 521 2375 950 2386">
    <p class='ocr_par' dir='ltr' id='par_1_10' title="bbox 521 2375 950 2386">
     <span class='ocr_line' id='line_1_20' title="bbox 521 2375 950 2386; baseline 0 0"><span class='ocrx_word' id='word_1_162' title='bbox 521 2375 950 2386; x_wconf 95' lang='lat' dir='ltr'><strong> </strong></span> 
     </span>
    </p>
   </div>
   <div class='ocr_carea' id='block_1_4' title="bbox 516 2462 2883 4393">
    <p class='ocr_par' dir='ltr' id='par_1_11' title="bbox 518 2462 2883 3582">
     <span class='ocr_line' id='line_1_21' title="bbox 741 2462 2880 2532; baseline 0 -16"><span class='ocrx_word' id='word_1_163' title='bbox 741 2462 783 2528; x_wconf 83' lang='lat'><strong>¹)</strong></span> <span class='ocrx_word' id='word_1_164' title='bbox 820 2462 945 2532; x_wconf 89' lang='lat' dir='ltr'><strong>Vgl.</strong></span> <span class='ocrx_word' id='word_1_165' title='bbox 984 2464 1117 2517; x_wconf 83' lang='lat' dir='ltr'><strong>iiber</strong></span> <span class='ocrx_word' id='word_1_166' title='bbox 1152 2462 1420 2518; x_wconf 87' lang='lat' dir='ltr'><strong>Buschius</strong></span> <span class='ocrx_word' id='word_1_167' title='bbox 1456 2463 1526 2518; x_wconf 92' lang='lat' dir='ltr'><strong>H.</strong></span> <span class='ocrx_word' id='word_1_168' title='bbox 1562 2465 1617 2518; x_wconf 88' lang='lat' dir='ltr'><strong>J.</strong></span> <span class='ocrx_word' id='word_1_169' title='bbox 1655 2464 1980 2518; x_wconf 71' lang='lat' dir='ltr'><strong>Liessemt</strong></span> <span class='ocrx_word' id='word_1_170' title='bbox 2032 2463 2309 2518; x_wconf 87' lang='lat' dir='ltr'><strong>Hermann</strong></span> <span class='ocrx_word' id='word_1_171' title='bbox 2344 2480 2450 2517; x_wconf 85' lang='lat' dir='ltr'><strong>van</strong></span> <span class='ocrx_word' id='word_1_172' title='bbox 2489 2462 2611 2516; x_wconf 89' lang='lat' dir='ltr'><strong>dem</strong></span> <span class='ocrx_word' id='word_1_173' title='bbox 2647 2462 2880 2530; x_wconf 87' lang='lat' dir='ltr'><strong>Busche,</strong></span> 
     </span>
     <span class='ocr_line' id='line_1_22' title="bbox 522 2550 2882 2624; baseline 0 -20"><span class='ocrx_word' id='word_1_174' title='bbox 522 2552 636 2605; x_wconf 88' lang='lat' dir='ltr'><strong>sein</strong></span> <span class='ocrx_word' id='word_1_175' title='bbox 676 2550 855 2605; x_wconf 88' lang='lat' dir='ltr'><strong>Lebcn</strong></span> <span class='ocrx_word' id='word_1_176' title='bbox 895 2568 948 2607; x_wconf 81' lang='lat' dir='ltr'><strong>u,</strong></span> <span class='ocrx_word' id='word_1_177' title='bbox 987 2553 1135 2607; x_wconf 89' lang='lat' dir='ltr'><strong>scine</strong></span> <span class='ocrx_word' id='word_1_178' title='bbox 1174 2552 1447 2607; x_wconf 84' lang='lat' dir='ltr'><strong>Schriften</strong></span> <span class='ocrx_word' id='word_1_179' title='bbox 1485 2553 1859 2624; x_wconf 85' lang='lat' dir='ltr'><strong>(Programme</strong></span> <span class='ocrx_word' id='word_1_180' title='bbox 1899 2553 1951 2609; x_wconf 90' lang='lat' dir='ltr'><strong>d.</strong></span> <span class='ocrx_word' id='word_1_181' title='bbox 1989 2552 2882 2622; x_wconf 82' lang='lat' dir='ltr'><strong>Kaiser-Wilhelm·Gymnasiums</strong></span> 
     </span>
     <span class='ocr_line' id='line_1_23' title="bbox 522 2638 2882 2713; baseline 0.001 -21"><span class='ocrx_word' id='word_1_182' title='bbox 522 2640 579 2693; x_wconf 93' lang='lat' dir='ltr'><strong>in</strong></span> <span class='ocrx_word' id='word_1_183' title='bbox 617 2638 759 2693; x_wconf 76' lang='lat' dir='ltr'><strong>Koln</strong></span> <span class='ocrx_word' id='word_1_184' title='bbox 805 2640 936 2695; x_wconf 80' lang='lat'>1884</span> <span class='ocrx_word' id='word_1_185' title='bbox 952 2641 1053 2710; x_wconf 62' lang='grc' dir='ltr'><strong>ΠΣ).</strong></span> <span class='ocrx_word' id='word_1_186' title='bbox 1097 2642 1216 2697; x_wconf 84' lang='lat' dir='ltr'><strong>Von</strong></span> <span class='ocrx_word' id='word_1_187' title='bbox 1255 2643 1403 2696; x_wconf 89' lang='lat' dir='ltr'><strong>ei&#39;ncr</strong></span> <span class='ocrx_word' id='word_1_188' title='bbox 1438 2642 1691 2697; x_wconf 80' lang='lat' dir='ltr'><strong>friiheren</strong></span> <span class='ocrx_word' id='word_1_189' title='bbox 1729 2642 2106 2713; x_wconf 72' lang='lat' dir='ltr'><strong>persbnlichen</strong></span> <span class='ocrx_word' id='word_1_190' title='bbox 2142 2641 2576 2697; x_wconf 81' lang='lat' dir='ltr'><strong>Bekanntschaft</strong></span> <span class='ocrx_word' id='word_1_191' title='bbox 2613 2641 2882 2696; x_wconf 76' lang='lat' dir='ltr'><strong>zwischen</strong></span> 
     </span>
     <span class='ocr_line' id='line_1_24' title="bbox 521 2727 2878 2789; baseline 0.001 -8"><span class='ocrx_word' id='word_1_192' title='bbox 521 2727 831 2782; x_wconf 88' lang='lat' dir='ltr'><strong>Rothmann</strong></span> <span class='ocrx_word' id='word_1_193' title='bbox 886 2730 998 2784; x_wconf 91' lang='lat' dir='ltr'><strong>und</strong></span> <span class='ocrx_word' id='word_1_194' title='bbox 1045 2730 1312 2786; x_wconf 82' lang='lat' dir='ltr'><strong>Buschius</strong></span> <span class='ocrx_word' id='word_1_195' title='bbox 1367 2732 1638 2786; x_wconf 87' lang='lat' dir='ltr'><strong>berichtet</strong></span> <span class='ocrx_word' id='word_1_196' title='bbox 1692 2750 1796 2786; x_wconf 90' lang='lat' dir='ltr'><strong>nur</strong></span> <span class='ocrx_word' id='word_1_197' title='bbox 1848 2732 2062 2789; x_wconf 89' lang='lat' dir='ltr'><strong>Herm.</strong></span> <span class='ocrx_word' id='word_1_198' title='bbox 2103 2731 2568 2786; x_wconf 86' lang='lat' dir='ltr'><strong>Hamelmann</strong></span> <span class='ocrx_word' id='word_1_199' title='bbox 2625 2730 2680 2786; x_wconf 83' lang='lat' dir='ltr'><strong>S.</strong></span> <span class='ocrx_word' id='word_1_200' title='bbox 2721 2730 2878 2784; x_wconf 86' lang='lat'>1188.</span> 
     </span>
     <span class='ocr_line' id='line_1_25' title="bbox 520 2816 2883 2874; baseline 0 -4"><span class='ocrx_word' id='word_1_201' title='bbox 520 2816 823 2872; x_wconf 80' lang='lat' dir='ltr'><strong>Jedenfalls</strong></span> <span class='ocrx_word' id='word_1_202' title='bbox 861 2819 1091 2873; x_wconf 75' lang='lat' dir='ltr'><strong>standen</strong></span> <span class='ocrx_word' id='word_1_203' title='bbox 1127 2820 1206 2874; x_wconf 88' lang='lat' dir='ltr'><strong>sic</strong></span> <span class='ocrx_word' id='word_1_204' title='bbox 1244 2821 1347 2874; x_wconf 89' lang='lat' dir='ltr'><strong>mit</strong></span> <span class='ocrx_word' id='word_1_205' title='bbox 1383 2820 1641 2874; x_wconf 86' lang='lat' dir='ltr'><strong>einander</strong></span> <span class='ocrx_word' id='word_1_206' title='bbox 1679 2821 1751 2874; x_wconf 90' lang='lat' dir='ltr'><strong>im</strong></span> <span class='ocrx_word' id='word_1_207' title='bbox 1787 2819 2189 2874; x_wconf 82' lang='lat' dir='ltr'><strong>Briefwechsel.</strong></span> <span class='ocrx_word' id='word_1_208' title='bbox 2247 2819 2302 2873; x_wconf 85' lang='lat' dir='ltr'><strong>S.</strong></span> <span class='ocrx_word' id='word_1_209' title='bbox 2340 2819 2438 2873; x_wconf 86' lang='lat' dir='ltr'><strong>das</strong></span> <span class='ocrx_word' id='word_1_210' title='bbox 2475 2818 2578 2874; x_wconf 91' lang='lat' dir='ltr'><strong>Bd.</strong></span> <span class='ocrx_word' id='word_1_211' title='bbox 2611 2822 2632 2872; x_wconf 94' lang='lat' dir='ltr'><strong>l</strong></span> <span class='ocrx_word' id='word_1_212' title='bbox 2678 2818 2734 2873; x_wconf 84' lang='lat' dir='ltr'><strong>S.</strong></span> <span class='ocrx_word' id='word_1_213' title='bbox 2777 2818 2883 2871; x_wconf 84' lang='lat'><strong>190</strong></span> 
     </span>
     <span class='ocr_line' id='line_1_26' title="bbox 521 2906 2876 2979; baseline -0 -19"><span class='ocrx_word' id='word_1_214' title='bbox 521 2923 625 2960; x_wconf 78' lang='lat' dir='ltr'><strong>von</strong></span> <span class='ocrx_word' id='word_1_215' title='bbox 663 2906 844 2963; x_wconf 87' lang='lat' dir='ltr'><strong>Kerss.</strong></span> <span class='ocrx_word' id='word_1_216' title='bbox 883 2907 1208 2979; x_wconf 84' lang='lat' dir='ltr'><strong>angcfiihrte</strong></span> <span class='ocrx_word' id='word_1_217' title='bbox 1246 2908 1538 2963; x_wconf 86' lang='lat' dir='ltr'><strong>Schreiben</strong></span> <span class='ocrx_word' id='word_1_218' title='bbox 1575 2908 1949 2963; x_wconf 85' lang='lat' dir='ltr'><strong>Rothmann’s.</strong></span> <span class='ocrx_word' id='word_1_219' title='bbox 2022 2908 2122 2962; x_wconf 89' lang='lat' dir='ltr'><strong>Bci</strong></span> <span class='ocrx_word' id='word_1_220' title='bbox 2161 2908 2380 2962; x_wconf 87' lang='lat' dir='ltr'><strong>Herm.</strong></span> <span class='ocrx_word' id='word_1_221' title='bbox 2418 2906 2876 2961; x_wconf 87' lang='lat' dir='ltr'><strong>Hamclmann:</strong></span> 
     </span>
     <span class='ocr_line' id='line_1_27' title="bbox 520 2994 2879 3067; baseline 0 -19"><span class='ocrx_word' id='word_1_222' title='bbox 520 2995 604 3048; x_wconf 92' lang='lat' dir='ltr'><strong>De</strong></span> <span class='ocrx_word' id='word_1_223' title='bbox 640 2996 963 3066; x_wconf 87' lang='lat' dir='ltr'><strong>paedobapt.</strong></span> <span class='ocrx_word' id='word_1_224' title='bbox 1000 2996 1086 3052; x_wconf 89' lang='lat' dir='ltr'><strong>Bl.</strong></span> <span class='ocrx_word' id='word_1_225' title='bbox 1113 2996 1155 3050; x_wconf 86' lang='lat' dir='ltr'>C</span> <span class='ocrx_word' id='word_1_226' title='bbox 1176 2997 1206 3050; x_wconf 80' lang='lat'>7</span> <span class='ocrx_word' id='word_1_227' title='bbox 1245 2997 1418 3051; x_wconf 88' lang='lat' dir='ltr'><strong>findet</strong></span> <span class='ocrx_word' id='word_1_228' title='bbox 1453 2997 1569 3051; x_wconf 88' lang='lat' dir='ltr'><strong>sich</strong></span> <span class='ocrx_word' id='word_1_229' title='bbox 1606 2996 1861 3067; x_wconf 86' lang='lat' dir='ltr'><strong>folgende</strong></span> <span class='ocrx_word' id='word_1_230' title='bbox 1899 2996 2070 3052; x_wconf 87' lang='lat' dir='ltr'><strong>Stellc</strong></span> <span class='ocrx_word' id='word_1_231' title='bbox 2107 3014 2206 3052; x_wconf 81' lang='lat' dir='ltr'><strong>aus</strong></span> <span class='ocrx_word' id='word_1_232' title='bbox 2244 2996 2340 3050; x_wconf 88' lang='lat' dir='ltr'><strong>der</strong></span> <span class='ocrx_word' id='word_1_233' title='bbox 2377 3000 2557 3051; x_wconf 86' lang='lat' dir='ltr'><strong>ersten</strong></span> <span class='ocrx_word' id='word_1_234' title='bbox 2595 2995 2744 3050; x_wconf 88' lang='lat' dir='ltr'><strong>Rede</strong></span> <span class='ocrx_word' id='word_1_235' title='bbox 2780 2994 2879 3049; x_wconf 81' lang='lat' dir='ltr'><strong>des</strong></span> 
     </span>
     <span class='ocr_line' id='line_1_28' title="bbox 520 3082 2878 3155; baseline 0 -19"><span class='ocrx_word' id='word_1_236' title='bbox 520 3082 812 3138; x_wconf 87' lang='lat' dir='ltr'><strong>Buschius:</strong></span> <span class='ocrx_word' id='word_1_237' title='bbox 869 3084 1175 3154; x_wconf 83' lang='lat' dir='ltr'><strong>„Superiori</strong></span> <span class='ocrx_word' id='word_1_238' title='bbox 1214 3085 1433 3155; x_wconf 89' lang='lat' dir='ltr'><strong>quidem</strong></span> <span class='ocrx_word' id='word_1_239' title='bbox 1469 3102 1610 3139; x_wconf 89' lang='lat' dir='ltr'><strong>anno</strong></span> <span class='ocrx_word' id='word_1_240' title='bbox 1650 3090 1708 3139; x_wconf 87' lang='lat' dir='ltr'><strong>et</strong></span> <span class='ocrx_word' id='word_1_241' title='bbox 1744 3084 1998 3139; x_wconf 88' lang='lat' dir='ltr'><strong>similiter</strong></span> <span class='ocrx_word' id='word_1_242' title='bbox 2035 3089 2200 3139; x_wconf 85' lang='lat' dir='ltr'><strong>antea</strong></span> <span class='ocrx_word' id='word_1_243' title='bbox 2236 3101 2360 3138; x_wconf 90' lang='lat' dir='ltr'><strong>cum</strong></span> <span class='ocrx_word' id='word_1_244' title='bbox 2409 3084 2597 3138; x_wconf 89' lang='lat' dir='ltr'><strong>multis</strong></span> <span class='ocrx_word' id='word_1_245' title='bbox 2635 3085 2741 3154; x_wconf 88' lang='lat' dir='ltr'><strong>piis</strong></span> <span class='ocrx_word' id='word_1_246' title='bbox 2779 3101 2878 3154; x_wconf 85' lang='lat' dir='ltr'><strong>ga-</strong></span> 
     </span>
     <span class='ocr_line' id='line_1_29' title="bbox 520 3172 2879 3244; baseline 0.001 -19"><span class='ocrx_word' id='word_1_247' title='bbox 520 3172 666 3226; x_wconf 84' lang='lat' dir='ltr'><strong>visus</strong></span> <span class='ocrx_word' id='word_1_248' title='bbox 705 3189 824 3225; x_wconf 90' lang='lat' dir='ltr'><strong>sum</strong></span> <span class='ocrx_word' id='word_1_249' title='bbox 853 3212 865 3225; x_wconf 93' lang='lat'><strong>.</strong></span> <span class='ocrx_word' id='word_1_250' title='bbox 890 3215 898 3223; x_wconf 95' lang='lat'>.</span> <span class='ocrx_word' id='word_1_251' title='bbox 923 3213 954 3239; x_wconf 90' lang='lat'><strong>.,</strong></span> <span class='ocrx_word' id='word_1_252' title='bbox 993 3173 1138 3243; x_wconf 92' lang='lat' dir='ltr'><strong>quod</strong></span> <span class='ocrx_word' id='word_1_253' title='bbox 1175 3174 1415 3228; x_wconf 80' lang='lat' dir='ltr'><strong>audirem</strong></span> <span class='ocrx_word' id='word_1_254' title='bbox 1441 3175 1499 3228; x_wconf 92' lang='lat' dir='ltr'><strong>in</strong></span> <span class='ocrx_word' id='word_1_255' title='bbox 1535 3175 1714 3243; x_wconf 87' lang='lat' dir='ltr'><strong>patrio</strong></span> <span class='ocrx_word' id='word_1_256' title='bbox 1752 3173 1866 3227; x_wconf 88' lang='lat' dir='ltr'><strong>solo</strong></span> <span class='ocrx_word' id='word_1_257' title='bbox 1908 3173 2249 3244; x_wconf 81' lang='lat' dir='ltr'><strong>evangelium</strong></span> <span class='ocrx_word' id='word_1_258' title='bbox 2278 3172 2483 3227; x_wconf 75' lang='lat' dir='ltr'><strong>Christi</strong></span> <span class='ocrx_word' id='word_1_259' title='bbox 2521 3176 2578 3227; x_wconf 85' lang='lat' dir='ltr'><strong>et</strong></span> <span class='ocrx_word' id='word_1_260' title='bbox 2614 3172 2879 3243; x_wconf 80' lang='lat' dir='ltr'><strong>depositis</strong></span> 
     </span>
     <span class='ocr_line' id='line_1_30' title="bbox 520 3259 2878 3331; baseline 0.001 -19"><span class='ocrx_word' id='word_1_261' title='bbox 520 3259 778 3313; x_wconf 87' lang='lat' dir='ltr'><strong>abusibus</strong></span> <span class='ocrx_word' id='word_1_262' title='bbox 814 3259 1119 3330; x_wconf 85' lang='lat' dir='ltr'><strong>legitimam</strong></span> <span class='ocrx_word' id='word_1_263' title='bbox 1156 3266 1615 3316; x_wconf 86' lang='lat' dir='ltr'><strong>sacramentorum</strong></span> <span class='ocrx_word' id='word_1_264' title='bbox 1652 3262 2179 3316; x_wconf 85' lang='lat' dir='ltr'><strong>administrationem</strong></span> <span class='ocrx_word' id='word_1_265' title='bbox 2217 3263 2275 3315; x_wconf 88' lang='lat' dir='ltr'><strong>in</strong></span> <span class='ocrx_word' id='word_1_266' title='bbox 2312 3261 2555 3316; x_wconf 89' lang='lat' dir='ltr'><strong>ecclesiis</strong></span> <span class='ocrx_word' id='word_1_267' title='bbox 2581 3265 2878 3331; x_wconf 80' lang='lat' dir='ltr'><strong>receptam,</strong></span> 
     </span>
     <span class='ocr_line' id='line_1_31' title="bbox 522 3348 2876 3421; baseline 0.001 -20"><span class='ocrx_word' id='word_1_268' title='bbox 522 3352 579 3402; x_wconf 86' lang='lat' dir='ltr'><strong>et</strong></span> <span class='ocrx_word' id='word_1_269' title='bbox 615 3349 976 3403; x_wconf 87' lang='lat' dir='ltr'><strong>ministerium</strong></span> <span class='ocrx_word' id='word_1_270' title='bbox 1012 3348 1316 3404; x_wconf 89' lang='lat' dir='ltr'><strong>Bernhardi</strong></span> <span class='ocrx_word' id='word_1_271' title='bbox 1352 3350 1700 3418; x_wconf 84' lang='lat' dir='ltr'><strong>Rothmanni,</strong></span> <span class='ocrx_word' id='word_1_272' title='bbox 1740 3351 2039 3405; x_wconf 87' lang='lat' dir='ltr'><strong>hominis</strong></span> <span class='ocrx_word' id='word_1_273' title='bbox 2076 3350 2427 3421; x_wconf 86' lang='lat' dir='ltr'><strong>ingeniosi</strong></span> <span class='ocrx_word' id='word_1_274' title='bbox 2468 3352 2534 3403; x_wconf 87' lang='lat' dir='ltr'><strong>et</strong></span> <span class='ocrx_word' id='word_1_275' title='bbox 2570 3349 2876 3418; x_wconf 77' lang='lat' dir='ltr'><strong>facundi,</strong></span> 
     </span>
     <span class='ocr_line' id='line_1_32' title="bbox 521 3436 2876 3509; baseline 0.001 -19"><span class='ocrx_word' id='word_1_276' title='bbox 521 3436 597 3491; x_wconf 92' lang='lat' dir='ltr'><strong>de</strong></span> <span class='ocrx_word' id='word_1_277' title='bbox 653 3452 782 3507; x_wconf 88' lang='lat' dir='ltr'><strong>quo</strong></span> <span class='ocrx_word' id='word_1_278' title='bbox 838 3441 1007 3492; x_wconf 88' lang='lat' dir='ltr'><strong>tunc</strong></span> <span class='ocrx_word' id='word_1_279' title='bbox 1063 3440 1404 3509; x_wconf 87' lang='lat' dir='ltr'><strong>temporis</strong></span> <span class='ocrx_word' id='word_1_280' title='bbox 1460 3438 1752 3494; x_wconf 88' lang='lat' dir='ltr'><strong>multum</strong></span> <span class='ocrx_word' id='word_1_281' title='bbox 1806 3440 1958 3509; x_wconf 85' lang='lat' dir='ltr'><strong>spei</strong></span> <span class='ocrx_word' id='word_1_282' title='bbox 2013 3455 2494 3509; x_wconf 86' lang='lat' dir='ltr'><strong>conceperam,</strong></span> <span class='ocrx_word' id='word_1_283' title='bbox 2551 3438 2876 3508; x_wconf 81' lang='lat' dir='ltr'><strong>gratulabar</strong></span> 
     </span>
     <span class='ocr_line' id='line_1_33' title="bbox 518 3525 1086 3582; baseline 0.005 -4"><span class='ocrx_word' id='word_1_284' title='bbox 518 3525 1086 3582; x_wconf 86' lang='lat' dir='ltr'><strong>Monasteriensibus.“</strong></span> 
     </span>
    </p>

    <p class='ocr_par' dir='ltr' id='par_1_12' title="bbox 516 3614 2879 4309">
     <span class='ocr_line' id='line_1_34' title="bbox 734 3614 2875 3687; baseline -0 -18"><span class='ocrx_word' id='word_1_285' title='bbox 734 3614 777 3683; x_wconf 73' lang='lat'><strong>²)</strong></span> <span class='ocrx_word' id='word_1_286' title='bbox 818 3615 935 3669; x_wconf 75' lang='lat' dir='ltr'><strong>wie</strong></span> <span class='ocrx_word' id='word_1_287' title='bbox 971 3616 1154 3670; x_wconf 87' lang='lat' dir='ltr'><strong>Kerss.</strong></span> <span class='ocrx_word' id='word_1_288' title='bbox 1192 3615 1295 3670; x_wconf 89' lang='lat' dir='ltr'><strong>den</strong></span> <span class='ocrx_word' id='word_1_289' title='bbox 1333 3614 1564 3670; x_wconf 86' lang='lat' dir='ltr'><strong>Verlanf</strong></span> <span class='ocrx_word' id='word_1_290' title='bbox 1613 3616 1710 3671; x_wconf 89' lang='lat' dir='ltr'><strong>der</strong></span> <span class='ocrx_word' id='word_1_291' title='bbox 1762 3616 2117 3687; x_wconf 83' lang='lat' dir='ltr'><strong>Disputation</strong></span> <span class='ocrx_word' id='word_1_292' title='bbox 2170 3615 2506 3686; x_wconf 66' lang='lat' dir='ltr'><strong>vollstandig</strong></span> <span class='ocrx_word' id='word_1_293' title='bbox 2561 3615 2664 3669; x_wconf 84' lang='lat' dir='ltr'><strong>mit</strong></span> <span class='ocrx_word' id='word_1_294' title='bbox 2718 3614 2875 3669; x_wconf 86' lang='lat' dir='ltr'><strong>Still-</strong></span> 
     </span>
     <span class='ocr_line' id='line_1_35' title="bbox 518 3703 2879 3775; baseline 0 -18"><span class='ocrx_word' id='word_1_295' title='bbox 518 3704 824 3774; x_wconf 79' lang='lat' dir='ltr'><strong>schweigen</strong></span> <span class='ocrx_word' id='word_1_296' title='bbox 876 3705 1160 3775; x_wconf 77' lang='lat' dir='ltr'><strong>iibergeht,</strong></span> <span class='ocrx_word' id='word_1_297' title='bbox 1217 3723 1275 3760; x_wconf 92' lang='lat' dir='ltr'><strong>so</strong></span> <span class='ocrx_word' id='word_1_298' title='bbox 1314 3705 1413 3759; x_wconf 87' lang='lat' dir='ltr'><strong>hat</strong></span> <span class='ocrx_word' id='word_1_299' title='bbox 1449 3722 1507 3759; x_wconf 90' lang='lat' dir='ltr'><strong>er</strong></span> <span class='ocrx_word' id='word_1_300' title='bbox 1543 3723 1600 3760; x_wconf 88' lang='lat' dir='ltr'><strong>es</strong></span> <span class='ocrx_word' id='word_1_301' title='bbox 1638 3706 1779 3760; x_wconf 89' lang='lat' dir='ltr'><strong>auch</strong></span> <span class='ocrx_word' id='word_1_302' title='bbox 1834 3706 1989 3760; x_wconf 88' lang='lat' dir='ltr'><strong>nicht</strong></span> <span class='ocrx_word' id='word_1_303' title='bbox 2026 3706 2225 3760; x_wconf 87' lang='lat' dir='ltr'><strong>einmal</strong></span> <span class='ocrx_word' id='word_1_304' title='bbox 2280 3704 2370 3760; x_wconf 86' lang='lat' dir='ltr'><strong>fiir</strong></span> <span class='ocrx_word' id='word_1_305' title='bbox 2406 3704 2502 3758; x_wconf 88' lang='lat' dir='ltr'><strong>der</strong></span> <span class='ocrx_word' id='word_1_306' title='bbox 2535 3703 2701 3758; x_wconf 80' lang='lat' dir='ltr'><strong>Miihe</strong></span> <span class='ocrx_word' id='word_1_307' title='bbox 2738 3707 2879 3759; x_wconf 80' lang='lat' dir='ltr'><strong>wert</strong></span> 
     </span>
     <span class='ocr_line' id='line_1_36' title="bbox 519 3792 2876 3862; baseline 0.001 -17"><span class='ocrx_word' id='word_1_308' title='bbox 519 3792 794 3862; x_wconf 87' lang='lat' dir='ltr'><strong>gehalten‚</strong></span> <span class='ocrx_word' id='word_1_309' title='bbox 833 3794 921 3848; x_wconf 90' lang='lat' dir='ltr'><strong>dic</strong></span> <span class='ocrx_word' id='word_1_310' title='bbox 958 3795 1171 3849; x_wconf 86' lang='lat' dir='ltr'><strong>Namen</strong></span> <span class='ocrx_word' id='word_1_311' title='bbox 1209 3793 1579 3848; x_wconf 70' lang='lat' dir='ltr'><strong>sammtlicher</strong></span> <span class='ocrx_word' id='word_1_312' title='bbox 1602 3794 1950 3849; x_wconf 85' lang='lat' dir='ltr'><strong>Teilnehmer</strong></span> <span class='ocrx_word' id='word_1_313' title='bbox 1985 3810 2051 3849; x_wconf 83' lang='lat' dir='ltr'><strong>zu</strong></span> <span class='ocrx_word' id='word_1_314' title='bbox 2089 3810 2318 3849; x_wconf 85' lang='lat' dir='ltr'><strong>nennen.</strong></span> <span class='ocrx_word' id='word_1_315' title='bbox 2369 3793 2568 3847; x_wconf 84' lang='lat' dir='ltr'><strong>Aufser</strong></span> <span class='ocrx_word' id='word_1_316' title='bbox 2602 3792 2876 3848; x_wconf 77' lang='lat' dir='ltr'><strong>Buschius</strong></span> 
     </span>
     <span class='ocr_line' id='line_1_37' title="bbox 518 3880 2878 3954; baseline 0 -19"><span class='ocrx_word' id='word_1_317' title='bbox 518 3881 631 3935; x_wconf 87' lang='lat' dir='ltr'><strong>und</strong></span> <span class='ocrx_word' id='word_1_318' title='bbox 667 3881 965 3937; x_wconf 85' lang='lat' dir='ltr'><strong>Holtmann</strong></span> <span class='ocrx_word' id='word_1_319' title='bbox 1018 3882 1341 3953; x_wconf 87' lang='lat' dir='ltr'><strong>beteiligten</strong></span> <span class='ocrx_word' id='word_1_320' title='bbox 1390 3883 1507 3937; x_wconf 88' lang='lat' dir='ltr'><strong>sich</strong></span> <span class='ocrx_word' id='word_1_321' title='bbox 1561 3900 1634 3937; x_wconf 87' lang='lat' dir='ltr'><strong>au</strong></span> <span class='ocrx_word' id='word_1_322' title='bbox 1670 3883 1767 3937; x_wconf 88' lang='lat' dir='ltr'><strong>der</strong></span> <span class='ocrx_word' id='word_1_323' title='bbox 1815 3883 2171 3954; x_wconf 80' lang='lat' dir='ltr'><strong>Disputation</strong></span> <span class='ocrx_word' id='word_1_324' title='bbox 2225 3882 2364 3937; x_wconf 90' lang='lat' dir='ltr'><strong>noch</strong></span> <span class='ocrx_word' id='word_1_325' title='bbox 2421 3882 2518 3937; x_wconf 89' lang='lat' dir='ltr'><strong>der</strong></span> <span class='ocrx_word' id='word_1_326' title='bbox 2551 3880 2878 3936; x_wconf 88' lang='lat' dir='ltr'><strong>Fraterherr</strong></span> 
     </span>
     <span class='ocr_line' id='line_1_38' title="bbox 516 3968 2876 4042; baseline 0 -19"><span class='ocrx_word' id='word_1_327' title='bbox 516 3968 767 4024; x_wconf 86' lang='lat' dir='ltr'><strong>Dietrich</strong></span> <span class='ocrx_word' id='word_1_328' title='bbox 802 3969 1112 4039; x_wconf 69' lang='lat' dir='ltr'><strong>Bredevort,</strong></span> <span class='ocrx_word' id='word_1_329' title='bbox 1168 3972 1357 4026; x_wconf 81' lang='lat' dir='ltr'><strong>weiter</strong></span> <span class='ocrx_word' id='word_1_330' title='bbox 1391 3970 1488 4025; x_wconf 91' lang='lat' dir='ltr'><strong>der</strong></span> <span class='ocrx_word' id='word_1_331' title='bbox 1522 3971 2016 4042; x_wconf 84' lang='lat' dir='ltr'><strong>Augustinerpater</strong></span> <span class='ocrx_word' id='word_1_332' title='bbox 2048 3972 2086 4026; x_wconf 87' lang='lat' dir='ltr'>J</span> <span class='ocrx_word' id='word_1_333' title='bbox 2088 3971 2269 4026; x_wconf 88' lang='lat' dir='ltr'><strong>ohann</strong></span> <span class='ocrx_word' id='word_1_334' title='bbox 2304 3969 2626 4037; x_wconf 53' lang='lat' dir='ltr'><strong>Brothanxig</strong></span> <span class='ocrx_word' id='word_1_335' title='bbox 2664 3969 2876 4024; x_wconf 84' lang='lat' dir='ltr'><strong>Arnold</strong></span> 
     </span>
     <span class='ocr_line' id='line_1_39' title="bbox 517 4056 2870 4130; baseline 0 -19"><span class='ocrx_word' id='word_1_336' title='bbox 517 4056 755 4126; x_wconf 81' lang='lat' dir='ltr'><strong>Belholt,</strong></span> <span class='ocrx_word' id='word_1_337' title='bbox 793 4058 831 4112; x_wconf 87' lang='lat' dir='ltr'><strong>J</strong></span> <span class='ocrx_word' id='word_1_338' title='bbox 831 4059 1009 4114; x_wconf 89' lang='lat' dir='ltr'><strong>ohann</strong></span> <span class='ocrx_word' id='word_1_339' title='bbox 1049 4058 1344 4130; x_wconf 84' lang='lat' dir='ltr'><strong>Glandorp,</strong></span> <span class='ocrx_word' id='word_1_340' title='bbox 1382 4059 1547 4114; x_wconf 89' lang='lat' dir='ltr'><strong>Peter</strong></span> <span class='ocrx_word' id='word_1_341' title='bbox 1570 4059 1860 4115; x_wconf 86' lang='lat' dir='ltr'><strong>Wirtheim</strong></span> <span class='ocrx_word' id='word_1_342' title='bbox 1895 4060 2008 4115; x_wconf 88' lang='lat' dir='ltr'><strong>und</strong></span> <span class='ocrx_word' id='word_1_343' title='bbox 2043 4060 2283 4114; x_wconf 86' lang='lat' dir='ltr'><strong>Brictius</strong></span> <span class='ocrx_word' id='word_1_344' title='bbox 2312 4062 2426 4114; x_wconf 89' lang='lat' dir='ltr'><strong>tom</strong></span> <span class='ocrx_word' id='word_1_345' title='bbox 2451 4058 2663 4125; x_wconf 82' lang='lat' dir='ltr'><strong>Norde3</strong></span> <span class='ocrx_word' id='word_1_346' title='bbox 2702 4057 2870 4112; x_wconf 86' lang='lat' dir='ltr'><strong>ihnen</strong></span> 
     </span>
     <span class='ocr_line' id='line_1_40' title="bbox 517 4146 2875 4216; baseline 0.001 -17"><span class='ocrx_word' id='word_1_347' title='bbox 517 4147 828 4216; x_wconf 83' lang='lat' dir='ltr'><strong>gegeniiber</strong></span> <span class='ocrx_word' id='word_1_348' title='bbox 864 4147 1093 4202; x_wconf 76' lang='lat' dir='ltr'><strong>standen</strong></span> <span class='ocrx_word' id='word_1_349' title='bbox 1122 4149 1294 4202; x_wconf 90' lang='lat' dir='ltr'><strong>neben</strong></span> <span class='ocrx_word' id='word_1_350' title='bbox 1319 4148 1630 4204; x_wconf 85' lang='lat' dir='ltr'><strong>Rothmann</strong></span> <span class='ocrx_word' id='word_1_351' title='bbox 1668 4149 1756 4205; x_wconf 89' lang='lat' dir='ltr'><strong>die</strong></span> <span class='ocrx_word' id='word_1_352' title='bbox 1781 4148 2148 4203; x_wconf 82' lang='lat' dir='ltr'><strong>Predikanten</strong></span> <span class='ocrx_word' id='word_1_353' title='bbox 2184 4148 2445 4203; x_wconf 86' lang='lat' dir='ltr'><strong>Heinrich</strong></span> <span class='ocrx_word' id='word_1_354' title='bbox 2470 4147 2612 4215; x_wconf 83' lang='lat' dir='ltr'><strong>Roll,</strong></span> <span class='ocrx_word' id='word_1_355' title='bbox 2648 4148 2685 4201; x_wconf 89' lang='lat' dir='ltr'>J</span> <span class='ocrx_word' id='word_1_356' title='bbox 2688 4146 2875 4202; x_wconf 80' lang='lat' dir='ltr'><strong>ohann</strong></span> 
     </span>
     <span class='ocr_line' id='line_1_41' title="bbox 517 4233 2688 4309; baseline 0.001 -21"><span class='ocrx_word' id='word_1_357' title='bbox 517 4233 776 4304; x_wconf 83' lang='lat' dir='ltr'><strong>Kloprifs,</strong></span> <span class='ocrx_word' id='word_1_358' title='bbox 815 4233 1090 4289; x_wconf 76' lang='lat' dir='ltr'><strong>Gottfried</strong></span> <span class='ocrx_word' id='word_1_359' title='bbox 1126 4236 1361 4304; x_wconf 86' lang='lat' dir='ltr'><strong>Stralen,</strong></span> <span class='ocrx_word' id='word_1_360' title='bbox 1398 4236 1675 4291; x_wconf 87' lang='lat' dir='ltr'><strong>Hermann</strong></span> <span class='ocrx_word' id='word_1_361' title='bbox 1711 4237 1978 4308; x_wconf 86' lang='lat' dir='ltr'><strong>Staprade</strong></span> <span class='ocrx_word' id='word_1_362' title='bbox 2014 4236 2128 4292; x_wconf 88' lang='lat' dir='ltr'><strong>und</strong></span> <span class='ocrx_word' id='word_1_363' title='bbox 2162 4238 2456 4309; x_wconf 75' lang='lat' dir='ltr'><strong>Dionysius</strong></span> <span class='ocrx_word' id='word_1_364' title='bbox 2493 4236 2688 4293; x_wconf 85' lang='lat' dir='ltr'><strong>Vinne.</strong></span> 
     </span>
    </p>

    <p class='ocr_par' dir='ltr' id='par_1_13' title="bbox 731 4322 1634 4393">
     <span class='ocr_line' id='line_1_42' title="bbox 731 4322 1634 4393; baseline 0.007 -17"><span class='ocrx_word' id='word_1_365' title='bbox 731 4322 776 4391; x_wconf 80' lang='lat'><strong>⁸)</strong></span> <span class='ocrx_word' id='word_1_366' title='bbox 813 4322 939 4393; x_wconf 83' lang='lat' dir='ltr'><strong>Vgl.</strong></span> <span class='ocrx_word' id='word_1_367' title='bbox 977 4323 1115 4379; x_wconf 90' lang='lat' dir='ltr'><strong>oben</strong></span> <span class='ocrx_word' id='word_1_368' title='bbox 1152 4324 1207 4381; x_wconf 89' lang='lat' dir='ltr'><strong>S.</strong></span> <span class='ocrx_word' id='word_1_369' title='bbox 1242 4326 1349 4380; x_wconf 79' lang='lat'><strong>389</strong></span> <span class='ocrx_word' id='word_1_370' title='bbox 1384 4325 1542 4380; x_wconf 86' lang='lat' dir='ltr'><strong>Anm.</strong></span> <span class='ocrx_word' id='word_1_371' title='bbox 1581 4327 1634 4382; x_wconf 81' lang='lat'><strong>2.</strong></span> 
     </span>
    </p>
   </div>
  </div>
 </body>
</html>
