3259 5075
627 76 982 233 ΝΞ)

490 242 1126 609 w.
1177 241 1300 344 Ε
1745 287 2111 357 Ατεῡογῑῑῑ
2142 287 2551 362 -1?.·..·*:.··.s:³

1814 414 1923 469 :0-
2014 414 2225 471 CIC‘KL
2345 418 2559 475 12⁸2*

679 434 957 736 jz}
975 472 1146 720 J
1693 404 2499 601 {ffgaezsswssfffljsss
2518 422 2589 587 :s

781 771 1069 879 Vuz.

397 1128 634 1195 Porro
678 1129 796 1194 ubi
844 1133 1096 1196 senatus
1139 1149 1255 1214 per
1296 1130 1461 1197 hanc
1503 1131 1994 1198 transactionem
2039 1131 2106 1197 in
2139 1150 2352 1198 omnes
2397 1132 2577 1199 urbis

174 1234 604 1316 paroeciales
652 1236 950 1302 ecclesias
1010 1237 1111 1302 ius
1156 1237 1529 1321 designandi
1575 1237 2040 1304 concionatores
2106 1239 2429 1304 assecutus
2473 1238 2576 1305 fu-

165 1340 366 1512 Ιῖἓοὺ,
385 1341 581 1513 assshis
628 1342 795 1408 illud
863 1343 1112 1427 legibus
1173 1343 1552 1409 communiri
1595 1345 1827 1427 voluit,
1899 1363 2165 1429 quarum
2234 1343 2577 1429 epigraphe

257 1625 756 1707 „Succinctum
800 1626 1292 1711 municipalium
1344 1628 1557 1712 legum
1602 1629 1965 1711 excerptum
2009 1646 2224 1693 earum
2268 1646 2499 1710 rerum,

342 1752 532 1816 quae
581 1733 659 1799 ad
704 1736 958 1800 senatus
1006 1733 1518 1799 Monasteriensis
1562 1733 2006 1799 auctoritatem
2050 1734 2371 1819 pertinent
2388 1737 2432 1801 ¹.

419 1857 602 1924 Gmn
646 1857 854 1923 omnis
899 1858 966 1923 in
1010 1857 1240 1923 timore
1282 1856 1542 1923 Domini
1586 1856 1842 1921 vivendi
1900 1856 2063 1922 ratio
2107 1875 2180 1921 ex
2222 1858 2413 1923 verbo
2456 1858 2575 1923 Dei

185 1965 521 2047 profluat„
570 1963 738 2048 quod
772 1984 885 2048 per
913 1965 1051 2048 pios
1085 1963 1548 2029 concionatores
1580 1962 1817 2047 populo
1848 1962 2287 2043 annunciatur,
2328 1983 2576 2030 necesse

191 2069 432 2154 itaque
485 2073 584 2137 est
627 2070 707 2136 ad
737 2071 1225 2136 conservandam
1270 2069 1681 2135 christianam
1714 2069 2189 2153 rempublicam,
2237 2071 2314 2135 ut
2358 2069 2575 2136 fideles

193 2178 262 2241 ct
311 2178 418 2260 pii
457 2177 928 2243 concionatores
972 2177 1463 2259 constituantur,
1512 2175 1624 2260 qui
1670 2177 1777 2258 (ut
1829 2175 2067 2241 Paulus
2112 2175 2394 2260 inquit)¹
2436 2175 2574 2241 ido-

201 2282 315 2347 nei
363 2285 523 2367 sint,
593 2285 672 2349 ut
716 2283 872 2349 alios
919 2302 1166 2368 quoque
1224 2283 1489 2348 doceant
1533 2285 1598 2349 et
1641 2284 1809 2348 recte
1877 2301 2225 2347 sermonem
2287 2282 2571 2348 veritatis

203 2388 609 2473 dispensent.
672 2390 919 2456 Horum
949 2392 1165 2456 autem
1193 2392 1294 2455 tot
1323 2392 1474 2455 sunt
1502 2388 1797 2473 eligendi,
1845 2387 2001 2472 quot
2043 2407 2157 2471 pro
2189 2387 2570 2472 reipublicae

209 2496 647 2580 amplitudine
709 2496 1047 2562 sufficiant.
1143 2495 1424 2581 Singulis
1485 2495 1699 2580 itaque
1742 2492 2056 2579 parochiis
2102 2493 2227 2560 duo
2287 2494 2569 2579 praefici-

211 2606 429 2686 entur‚
478 2604 588 2689 qui
633 2602 820 2669 modo
867 2604 1156 2687 sequenti
1200 2603 1681 2669 ordinabuntur.

436 2711 726 2775 Primum
770 2708 1058 2793 singulae
1116 2709 1435 2793 paroeciae
1480 2709 1638 2774 duos
1683 2709 1852 2774 viros
1897 2708 2132 2791 pietate
2177 2710 2243 2773 et
2286 2707 2570 2774 doctrina

215 2817 671 2896 praecellentes
700 2816 1140 2900 designabunt,
1191 2835 1346 2899 quos
1377 2816 1452 2880 ad
1501 2815 1915 2880 concionandi
1948 2834 2181 2880 munus
2209 2814 2400 2879 utiles
2435 2833 2569 2879 esse

219 2921 664 2988 iudicaverint.
723 2921 965 2987 Deinde
997 2943 1069 2988 ex
1113 2924 1247 2988 toto
1294 2922 1801 3006 paroecianorum
1847 2940 2108 2986 numero
2155 2922 2423 3004 quatuor
2454 2919 2570 2984 eli-

222 3032 489 3109 gentur,
551 3030 661 3113 qui
704 3030 1058 3113 designatos
1119 3028 1275 3094 istos
1330 3027 1722 3093 ecclesiastes
1768 3027 1847 3092 ad
1895 3027 2344 3092 examinatores
2390 3044 2427 3090 a
2473 3045 2569 3091 se·

227 3137 404 3216 natu,
455 3136 726 3201 tribunis
769 3156 842 3201 ac
875 3134 1383 3200 mechanicorum
1427 3134 1758 3218 praefectis
1806 3133 2183 3199 constitutos
2230 3131 2564 3198 adducant.

221 3239 388 3306 Hinc
434 3242 884 3308 examinatores
926 3260 1041 3326 per
1070 3240 1272 3306 divini
1316 3240 1596 3305 numinis
1640 3239 2098 3305 invocationem
2144 3235 2454 3303 *delectos
2499 3241 2565 3303 et
2590 3262 2619 3292 ·
2674 3304 2689 3317 ‚

212 3345 294 3410 ad
341 3368 407 3413 se
454 3348 783 3428 adductos,
835 3351 913 3413 ut
957 3348 1272 3431 scriptura
1309 3345 1523 3427 habet,
1590 3346 1931 3431 diligenter
1974 3345 2333 3429 probabunt
2377 3346 2458 3426 et,
2509 3343 2565 3409 si

69 3445 72 3558 Ι
213 3452 296 3516 ad
341 3454 775 3519 ministerium
817 3454 995 3519 verbi
1060 3453 1272 3519 idonei
1314 3453 1579 3532 fuerint,
1626 3452 1797 3536 ipsos
1843 3451 1925 3517 ad
1975 3450 2311 3535 populum,
2361 3469 2398 3514 a
2441 3469 2565 3533 quo

69 3631 72 3728 μ
439 3700 482 3767 ¹)
520 3698 621 3752 Ein
659 3698 940 3755 deutsches
966 3699 1212 3770 Original
1249 3701 1324 3754 ist
1345 3700 1430 3754 bis
1461 3700 1606 3769 jetzt
1640 3699 1796 3755 nicht
1820 3698 2202 3754 nachweisbar.
2245 3697 2368 3752 Nur
2394 3694 2564 3750 durch

210 3788 399 3844 Keras.
440 3787 562 3842 sind
587 3804 688 3842 uns
725 3787 870 3842 diese
913 3788 1270 3858 „Grundziige
1306 3787 1402 3842 der
1438 3787 1853 3857 evangelischen
1875 3786 2432 3855 Kirchenverfassung
2470 3784 2566 3839 der

214 3878 376 3934 stadt
413 3877 692 3931 Miinstcr“
723 3876 987 3932 erhalten.
1029 3876 1200 3931 Eincn
1224 3875 1477 3930 Abdruck
1502 3875 1784 3931 derselben
1820 3877 1975 3947 giebt
2009 3873 2068 3930 C.
2088 3873 2154 3929 A.
2179 3871 2561 3928 Cornelius:

213 3966 289 4021 n.
325 3967 386 4020 A.
423 3965 502 4020 IL
540 3965 597 4021 8.
636 3965 744 4020 317
766 3965 843 4034 ff„
881 3966 1000 4019 eine
1037 3963 1466 4019 Charakteristik
1502 3964 1782 4020 derselben
1822 3963 2072 4019 ebendas.
2111 3962 2165 4017 S.
2207 3961 2305 4016 147
2326 3961 2384 4015 ff.
2457 3960 2566 4015 Mit

215 4054 386 4109 Recht
431 4053 622 4109 macht
659 4070 721 4108 cr
758 4054 890 4108 aber
940 4053 1014 4107 M.
1054 4052 1208 4118 G.-Q.
1244 4052 1323 4109 11.
1361 4052 1502 4107 Einl.
1541 4053 1595 4107 S.
1636 4053 1705 4106 53
1740 4051 1896 4107 Anm.
1932 4049 2133 4106 duauf
2181 4047 2561 4118 aufmerhnm,

215 4142 334 4196 dass
357 4142 502 4197 dieee
525 4141 1059 4212 Bekanntmachung
1092 4147 1204 4197 erst
1225 4159 1330 4196 von
1355 4142 1478 4196 dem
1499 4158 1678 4196 neuen
1702 4140 1842 4196 Rate
1873 4139 2109 4195 erlassen
2133 4137 2332 4206 warde,
2370 4137 2562 4192 dcssen

219 4230 373 4286 wahl
408 4248 497 4288 am
520 4232 575 4287 3.
600 4231 755 4285 Mara
792 4231 974 4287 Kerss.
1001 4229 1409 4301 chronologisch
1434 4246 1687 4300 ungenau
1725 4232 1835 4284 erst
1860 4231 2047 4284 weiter
2069 4231 2237 4283 unten
2275 4225 2561 4282 berichtet.

424 4319 469 4390 ¹)
504 4321 540 4374 2
578 4320 726 4376 Tim.
762 4321 815 4389 2,
850 4321 901 4375 2.
