3259 5075
396 1864 451 1906 6.
479 1858 594 1903 Dea.

397 2075 452 2117 8.
481 2070 596 2115 Dez.

628 294 762 359 460
1490 292 1674 358 Anno
1728 293 1898 360 1533
1944 295 2101 360 acta.

628 468 827 533 animi
896 468 1284 534 lascivientis
1352 468 1688 535 libidinem
1733 468 1804 534 in
1864 469 2064 535 libera
2108 470 2367 535 civitate
2435 469 2783 552 ferendam,
2853 467 2982 535 nisi

628 574 1028 659 evangelium
1071 575 1489 643 contumeliae
1533 574 1885 641 vindictam
1927 577 2188 658 vetaret,
2238 575 2366 640 nisi
2412 576 2693 659 exemplo
2738 574 2981 642 Christi

625 682 1111 748 mansuetudine
1157 702 1228 748 ac
1273 682 1536 749 lenitate
1582 682 1795 748 omnia
1854 684 2062 748 essent
2122 681 2492 765 superanda.
2582 681 2677 745 Ex
2720 681 2840 745 hac
2884 682 2980 745 te-

625 788 916 854 meritate
962 790 1027 854 et
1071 789 1334 854 audacia
1396 788 1582 853 facile
1628 787 1911 872 agnosci,
1961 787 2103 872 quis
2150 788 2238 853 sit
2281 786 2351 851 in
2395 786 2795 852 Rothmanno
2842 786 2980 851 ani-

623 915 786 978 mus,
836 915 956 979 quo
997 895 1232 979 spiritu
1276 894 1573 980 agitetur,
1621 894 1790 959 unde
1834 893 2014 960 illius
2045 893 2334 959 doctrina
2379 893 2745 976 dependeat,
2796 891 2979 956 cuius

626 1001 1027 1085 suggestione
1074 1003 1139 1066 et
1185 1001 1470 1085 impulsu
1514 1000 1775 1065 feratur.
1855 999 1933 1066 Se
1976 1000 2212 1084 populo
2262 1000 2455 1064 altius
2503 997 2980 1082 expendendum

624 1107 996 1191 relinquere,
1046 1107 1251 1192 qualis
1285 1107 1371 1172 sit
1408 1106 1584 1172 illius
1618 1106 1920 1190 doctrina,
1976 1107 2190 1191 quales
2223 1106 2353 1172 sint
2384 1104 2705 1188 discipuli,
2755 1123 2978 1187 nempe

624 1213 918 1278 convitiis
965 1212 1194 1296 dediti,
1242 1211 1702 1295 inobedienteS,
1751 1213 2116 1296 praefracti,
2167 1212 2450 1295 rebelles,
2501 1210 2789 1277 seditiosi
2833 1211 2898 1274 et
2943 1229 2981 1275 a

622 1317 906 1383 moribus
952 1317 1310 1402 pietateque
1343 1318 1442 1383 sui
1488 1319 1912 1400 praeceptoris
1959 1338 2085 1384 non
2117 1318 2543 1401 abhorrentes,
2594 1317 2776 1382 cuius
2808 1316 2979 1381 facta

624 1443 749 1489 non
793 1423 980 1488 aliter
1024 1442 1211 1507 quam
1261 1424 1434 1489 simii
1481 1424 1805 1509 effingant.
1889 1425 2008 1490 His
2058 1424 2503 1508 similibusque
2547 1422 2758 1489 verbis
2804 1441 2978 1487 acer-

621 1531 782 1596 rime
826 1531 893 1595 in
938 1530 1456 1596 Rothmannistas
1502 1530 1846 1596 invehitur.

835 1636 1062 1701 Petrus
1107 1636 1547 1718 WirthemiuS,
1597 1655 1744 1700 cum
1787 1636 2294 1701 Rothmannistis
2341 1635 2572 1701 acriter
2615 1635 2975 1700 adversare-

622 1744 747 1825 tur,
798 1744 1051 1808 senatus
1083 1742 1394 1826 permissu
1427 1742 1506 1808 ad
1535 1742 1867 1825 parochiae
1896 1741 2328 1827 Ludgerianae
2360 1739 2978 1806 administrationem

624 1851 683 1915 6.
732 1849 1096 1914 Decembris
1143 1848 1474 1933 recipitur,
1545 1847 1660 1933 qui
1703 1849 1916 1913 tamen
1985 1848 2384 1933 suggestione
2429 1846 2819 1913 Rothmanni
2864 1864 2978 1928 per

618 1956 920 2021 retinctos
978 1958 1074 2021 11.
1123 1955 1410 2020 Ianuarii
1456 1954 1605 2019 anni
1655 1954 1972 2039 sequentis
2020 1975 2052 2020 e
2100 1955 2394 2039 suggesto
2442 1953 2822 2018 deturbatur
2839 1953 2881 2017 ¹.

836 2062 986 2145 Ipsa
1030 2060 1133 2126 die
1179 2060 1635 2144 Conceptionis-
1658 2060 1966 2145 Deiparae
1996 2060 2279 2145 Virginis
2298 2062 2340 2142 ²,
2390 2079 2550 2144 quae
2582 2058 2710 2124 fuit
2756 2060 2815 2124 8.
2848 2058 2976 2123 De-

621 2168 912 2250 cembris,
961 2168 1225 2233 Ioannes
1273 2167 1657 2233 Schroderus
1702 2167 2087 2248 WernensiS‚
2152 2166 2415 2232 Henrici
2452 2163 2763 2230 Walravii
2807 2162 2979 2228 fabri

619 2272 870 2337 ferrarii
913 2272 1090 2338 iuxta
1120 2273 1546 2337 Lilienbecam
1590 2272 1866 2355 plateam
1899 2273 2328 2338 Horsthanam
2359 2270 2805 2337 commorantis
2851 2268 2976 2345 nn·-

619 2380 837 2464 nister,
905 2380 1016 2463 qui
1063 2399 1176 2463 per
1221 2379 1466 2463 aliquot
1518 2399 1712 2445 annos
1757 2380 2089 2446 malleator
2132 2380 2341 2445 fuerat
2383 2377 2746 2461 ferrumque
2789 2375 2976 2440 incu-

620 2485 809 2552 dibus
854 2485 1226 2571 impositum
1294 2486 1545 2570 pulsare
1592 2489 1657 2551 et
1701 2486 1769 2552 in
1813 2486 2019 2553 varias
2080 2487 2313 2553 formas
2359 2486 2585 2552 ducere
2644 2482 2973 2565 didicerat,

618 2594 946 2676 repentino
1016 2592 1269 2657 follium
1327 2593 1560 2676 spiritu
1606 2593 1860 2659 afflatus
1907 2595 2435 2677 candentiumque
2480 2591 2827 2657 carbonum
2867 2587 2975 2653 lu-

618 2699 790 2764 mine
851 2699 1210 2764 illustratus
1255 2698 1326 2763 in
1372 2699 1733 2764 coemiterio
1777 2700 2184 2765 Lambertino
2244 2700 2324 2765 ad
2352 2701 2693 2789 ’stuporem
2740 2696 2804 2761 et
2848 2694 2976 2758 mi-

616 2806 908 2870 raculum
953 2823 1152 2888 usque
1198 2804 1604 2871 concionatus
1651 2808 1775 2887 est,
1823 2809 2081 2890 totaque
2126 2807 2342 2872 concio
2388 2803 2556 2869 nihil
2599 2801 2777 2867 aliud
2822 2799 2973 2882 fuit,

618 2929 810 2994 quam
854 2911 1170 2976 invectiva
1212 2911 1282 2976 in
1329 2914 1619 2976 senatum
1665 2914 1730 2976 et
1767 2913 2150 2995 Fabricium,
2199 2931 2389 2997 quam
2432 2909 2528 2974 ita
2571 2907 2973 2990 temperavit,

617 3017 693 3080 ut
736 3016 995 3081 malleos
1042 3018 1106 3081 et
1152 3034 1296 3081 saxa
1355 3017 1812 3100 propemodum
1869 3018 2154 3083 moverit.
2248 3018 2480 3101 Magna
2525 3033 2774 3100 quoque
2821 3031 2974 3077 con-

618 3120 897 3202 fidentia,
947 3141 1024 3186 ne
1056 3121 1264 3187 dicam
1311 3122 1609 3205 stultitia,
1662 3142 1726 3190 se
1758 3125 1976 3189 contra
2002 3123 2366 3189 Fabricium
2410 3122 2691 3206 periculo
2738 3118 2974 3203 capitis

619 3225 1098 3308 disputaturum
1143 3227 1481 3312 promittit.
1551 3228 1672 3294 Sed
1704 3229 1858 3313 quid
1904 3230 1981 3294 de
2011 3229 2136 3295 fide
2167 3231 2232 3294 et
2260 3228 2565 3312 religione
2611 3226 2972 3305 dissereret,

617 3331 730 3414 qni
793 3333 1096 3414 perpetuo
1143 3334 1311 3418 apud
1380 3334 1676 3400 incudem
1721 3336 2095 3401 malleorum
2140 3355 2363 3401 sonum
2432 3334 2788 3414 audiverat,
2859 3332 2975 3414 qui

574 3492 588 3507 .
616 3456 742 3502 non
789 3435 893 3502 *in
943 3439 1157 3503 schola
1219 3439 1686 3524 theologorum,
1760 3441 1869 3506 sed
1915 3442 2166 3507 officina
2230 3442 2556 3507 fabrorum
2615 3439 2970 3520 studuerat,

616 3543 729 3627 qui
773 3562 900 3608 non
945 3544 1013 3608 in
1045 3544 1305 3628 collegio
1339 3547 1404 3611 et
1447 3566 1745 3612 consessu
1792 3547 2137 3629 doctorum,
2187 3548 2296 3613 sed
2340 3551 2637 3631 potorum
2674 3567 2807 3613 sese
2840 3547 2973 3612 fre-

615 3651 881 3733 quenter
927 3652 1321 3717 exercuerat?
1380 3652 1586 3719 Multo
1632 3652 1862 3718 melius
1910 3672 2056 3718 cum
2100 3654 2461 3738 Pythagora
2505 3673 2578 3720 ex
2610 3672 2761 3719 sono
2807 3653 2973 3718 mal-

611 3752 856 3819 leorum
900 3754 1172 3820 musices
1224 3754 1551 3823 inventore
1597 3757 2038 3824 contendisset.

831 3910 873 3980 ¹)
910 3910 1023 3966 Aus
1059 3912 1129 3968 Η.
1165 3913 1348 3985 Dorp
1402 3914 1489 3970 Bl.
1525 3915 1575 3969 D
1601 3916 1628 3968 1
1688 3918 2059 3985 entnommen‚
2115 3916 2238 3971 dem
2292 3918 2422 3972 aber
2477 3918 2575 3973 das
2623 3916 2830 3971 Datum
2873 3915 2971 3971 des

611 3999 663 4053 6.
700 3999 999 4053 Dezember
1035 3999 1192 4055 fehlt.

829 4086 873 4155 ²)
908 4088 1022 4143 Das
1045 4088 1323 4160 Folgende
1361 4090 1436 4144 ist
1458 4105 1563 4144 nur
1598 4090 1768 4145 durch
1805 4091 1988 4148 Kerss.
2013 4093 2267 4148 bekannt.
2326 4094 2397 4149 Es
2423 4095 2654 4165 scheint,
2692 4095 2815 4150 dass
2853 4094 2973 4149 ihm

610 4174 701 4229 fiir
737 4174 825 4230 die
860 4175 1085 4231 nachste
1111 4176 1230 4231 Zeit
1257 4177 1404 4247 jetzt
1436 4177 1590 4232 nicht
1612 4179 1767 4233 meln-
1802 4181 2200 4236 nachweisbare
2237 4183 2691 4253 tagebuchartige
2727 4183 2971 4239 Notizen

608 4262 933 4334 vergelegen
970 4263 1172 4334 haben,
1220 4263 1442 4320 &hulich
1479 4265 1669 4335 denen,
1727 4266 1815 4322 die
1850 4285 1953 4323 uns
2008 4269 2096 4324 fiir
2131 4269 2219 4324 die
2257 4270 2377 4325 Zeit
2429 4288 2553 4325 vom
2589 4271 2678 4327 29.
2714 4271 2752 4326 J
2754 4288 2845 4327 an.
2879 4272 2971 4328 bis

609 4351 698 4406 27.
738 4350 896 4406 Febr.
937 4349 1074 4405 1534
1108 4352 1185 4405 im
1222 4350 1393 4408 St.-A.
1430 4351 1506 4408 M.
1544 4352 1794 4408 erhalten
1846 4355 2131 4424 geblieben
2172 4356 2310 4412 sind.
2385 4357 2511 4429 vgl.
2548 4360 2738 4413 weiter
2774 4362 2972 4416 unten.
