3259 5075
350 3416 380 3445 ‘
397 3434 449 3487 p.
487 3416 609 3472 636.

641 258 774 323 884
1501 256 1686 321 Anno
1737 256 1910 321 1536
1959 256 2117 321 acta.

640 435 714 498 ut
758 433 878 497 hac
946 431 1337 497 ordinatione
1403 432 1661 516 vigiliae
1706 434 1771 497 et
1827 431 2073 515 reliqua
2140 431 2356 496 civilia
2413 449 2602 497 onera
2645 433 2712 496 et
2768 431 3011 496 munia

640 537 1027 604 commodius
1095 538 1520 621 expediantur,
1586 557 1688 602 eas
1734 540 1944 620 partes
2002 537 2071 601 in
2118 537 2472 602 custodiam
2518 537 2697 603 urbis
2758 536 3006 601 immu-

639 647 804 710 tatas
837 663 1199 710 conservare
1245 644 1506 728 placuit,
1555 644 1675 708 hac
1706 645 1920 708 tamen
1949 644 2106 727 lege,
2153 646 2232 709 ut
2267 644 2580 726 praefecto
2615 643 2793 725 arci3‚
2846 663 3005 708 con-

641 750 889 815 sulibus
935 752 1001 815 et
1045 749 1291 815 senatui
1337 750 1614 832 pareant.

858 857 960 922 14.
1024 857 1186 921 Item
1254 857 1555 941 magister
1622 855 2069 921 violentiarum
2089 858 2113 896 ¹
2160 854 2615 939 designabitur,
2684 854 2795 939 qui
2858 856 3005 921 loco

638 962 945 1045 principis
993 960 1305 1045 praefecto
1340 962 1501 1027 arcis
1547 960 1955 1026 iureiurando
2002 960 2334 1026 devinctus
2367 962 2506 1026 erit.
2566 961 2689 1026 Hic
2734 964 3001 1026 noctur-

640 1086 751 1132 nas
796 1068 1050 1151 vigilias
1098 1068 1361 1150 aliaque,
1413 1087 1570 1151 quae
1617 1068 1697 1132 ad
1745 1067 2026 1132 officium
2073 1069 2377 1149 spectant,
2427 1088 2502 1132 ex
2547 1067 2670 1132 fide
2717 1068 3003 1132 admini-

640 1175 887 1240 strabit.
981 1175 1103 1239 Hic
1150 1176 1361 1239 noctes
1431 1174 1687 1257 diesque
1735 1192 1880 1238 cum
1946 1193 2051 1238 sex
2096 1173 2430 1239 lictoribus
2452 1175 2478 1212 ²
2520 1175 2654 1239 tam
2713 1173 3003 1257 principi

639 1299 830 1365 quam
897 1280 1145 1345 senatui
1212 1280 1439 1346 iuratis
1502 1281 1841 1364 diligenter
1908 1279 2268 1363 providebit
2312 1280 2376 1344 et
2435 1280 2863 1362 praecavebit,
2911 1300 3001 1343 ne

640 1386 887 1451 occulta
929 1386 1382 1468 conventicula,
1434 1386 1872 1468 conciliabula,
1922 1385 2223 1450 factiones
2257 1389 2320 1450 et
2351 1386 2685 1451 seditiones
2730 1386 2798 1449 in
2833 1387 3004 1449 urbe

639 1496 909 1575 agantur
954 1494 1017 1557 et
1063 1493 1476 1558 concitentur.
1569 1494 1768 1557 Penes
1837 1492 2009 1556 huuc
2069 1492 2264 1556 etiam
2322 1492 2472 1573 erit,
2544 1492 2599 1554 si
2644 1492 2997 1556 necessitas

637 1598 1013 1681 postulabit,
1087 1598 1371 1664 omnium
1437 1600 1720 1681 partium
1768 1598 1944 1664 urbis
1990 1598 2092 1663 vel
2138 1597 2532 1682 quarundam
2602 1596 2999 1680 praesidium

637 1703 993 1787 implorare,
1042 1706 1117 1769 ut
1148 1724 1213 1770 se
1245 1706 1463 1769 contra
1493 1705 1624 1768 vim
1671 1704 2112 1769 seditiosorum
2142 1704 2435 1769 muniant
2463 1704 2527 1767 et
2556 1703 2713 1767 mali
2756 1722 2997 1786 poenas

637 1830 764 1875 uon
810 1811 1132 1893 effugiant.
1226 1811 1393 1876 Huic
1462 1812 1873 1894 imploratum
1943 1810 2251 1876 auxilium
2296 1830 2332 1874 a
2376 1808 2798 1892 leyschoppiis
2864 1828 2995 1873 non

637 1917 992 1997 negabitur.

857 2024 954 2086 15.
1004 2021 1183 2086 Nulli
1230 2022 1773 2105 anabaptistarum
1819 2025 1885 2087 et
1930 2022 2394 2103 seditiosorum,
2461 2020 2572 2104 qui
2616 2021 2686 2084 in
2731 2020 2999 2085 civitate

638 2128 826 2192 istius
873 2127 1165 2192 factionis
1213 2128 1313 2192 vel
1359 2131 1580 2192 auctor
1624 2129 1726 2193 vel
1788 2129 2233 2212 antesignanus
2280 2127 2500 2206 fuerit,
2568 2146 2764 2209 neque
2811 2128 2995 2209 prin-

639 2252 779 2315 ceps
828 2252 1024 2315 neque
1071 2234 1232 2298 arcis
1279 2234 1632 2316 praefectus
1703 2233 1978 2298 liberum
2025 2234 2149 2298 huc
2195 2232 2499 2297 redeundi
2566 2235 2996 2297 commeatum

636 2339 993 2403 concedent.
1088 2337 1213 2416 Qui
1257 2358 1401 2402 vero
1448 2339 1877 2404 innocentiam
1924 2340 2048 2403 sibi
2096 2339 2525 2421 praesumunt,
2592 2337 2668 2401 ad
2718 2337 2995 2418 suspici-

638 2443 773 2508 onis
820 2445 1258 2527 purgationem
1306 2444 1744 2509 admittentur.
1814 2445 1884 2509 Si
1930 2446 2143 2509 autem
2174 2444 2315 2527 quis
2364 2443 2692 2507 seditionis
2741 2445 2994 2526 superi-

639 2550 763 2615 oris
796 2553 1013 2615 auctor
1058 2551 1317 2634 publica
1359 2553 1481 2618 sibi
1528 2553 1675 2618 data
1707 2553 2045 2617 securitate
2092 2552 2363 2616 confisus
2396 2551 2618 2616 urbem
2664 2550 2999 2634 ingressus

636 2656 848 2737 fuerit,
897 2656 1047 2720 huic
1091 2658 1348 2740 publica
1393 2660 1698 2724 securitas
1747 2658 2227 2723 renunciabitur
2255 2660 2319 2722 et
2350 2659 2461 2721 aut
2510 2657 2576 2721 in
2608 2659 2993 2740 perpetuum

638 2762 896 2827 exilium
942 2763 1327 2844 relegabitur
1373 2768 1484 2829 aut
1529 2764 1609 2829 ad
1657 2766 2098 2829 commeritum
2144 2763 2528 2846 supplicium
2575 2763 2877 2846 rapietur.

857 2871 955 2934 16.
1019 2869 1234 2953 Neque
1275 2870 1566 2953 princeps
1612 2890 1812 2954 neque
1858 2869 2209 2953 praefectus
2256 2868 2434 2934 urbis
2482 2869 2992 2934 iurisdictionem

637 2975 858 3038 iudicii
902 2977 1304 3058 gograviatus
1349 2978 1483 3041 tam
1528 2977 1697 3041 iutra
1743 2995 1930 3060 quam
1967 2977 2142 3040 extra
2171 2976 2396 3039 urbem
2439 2975 2519 3039 ad
2565 2976 2802 3040 clerum
2850 2975 2985 3057 pri-

634 3082 907 3146 marium
951 3082 1373 3163 pertinentem
1417 3083 1707 3148 turbabit
1751 3102 1952 3166 neque
1996 3081 2097 3145 illi
2145 3082 2484 3165 quicquam
2529 3081 2877 3165 derogabit.

855 3189 956 3252 17.
1005 3188 1269 3271 Vinum,
1343 3189 1607 3254 cervisia
1653 3191 1715 3255 et
1773 3189 2090 3272 quaelibet
2157 3205 2404 3252 annona
2459 3188 2527 3251 in
2581 3207 2771 3252 usum
2830 3187 2995 3252 cleri

635 3293 922 3375 primarii
969 3298 1324 3376 comparata
1357 3295 1518 3360 citra
1562 3295 1768 3360 ullum
1812 3294 2298 3375 incommodum,
2346 3293 2701 3377 portorium
2731 3296 2798 3357 et
2841 3313 2989 3357 vec-

635 3400 794 3481 tigal
840 3399 1293 3481 importabitur
1337 3399 1445 3465 *in
1491 3403 1711 3466 urbem
1761 3403 1823 3465 et
1868 3400 2314 3483 exportabitur.
2380 3397 2600 3463 Clerus
2648 3398 2842 3462 etiam
2889 3418 2990 3463 se-

633 3505 972 3570 cundarius
1021 3506 1353 3590 privilegio
1400 3510 1464 3572 et
1507 3506 1912 3572 immunitate
1960 3508 2021 3571 et
2068 3524 2178 3570 suo
2217 3504 2354 3568 iure
2399 3522 2525 3569 non
2577 3502 2987 3569 destituetur.

852 3613 953 3676 18.
1020 3612 1085 3676 Si
1133 3611 1326 3677 etiam
1393 3613 1710 3696 quispiam
1774 3614 2071 3678 militaris
2119 3611 2357 3678 ordinis
2426 3609 2618 3674 huius
2682 3610 2997 3675 dioecesis

632 3715 841 3780 filium
886 3717 1160 3782 filiamve
1208 3719 1276 3782 in
1308 3719 1564 3784 civitate
1595 3720 2076 3784 Monasteriensi
2116 3719 2215 3782 vel
2263 3718 2331 3781 in
2375 3715 2855 3780 matrimonium
2883 3716 2993 3780 vel

634 3821 1002 3886 coenobium
1048 3823 1471 3904 collocaverit,
1521 3824 1771 3905 vinum,
1822 3823 2152 3888 cervisiam
2205 3822 2452 3905 aliaque
2500 3821 2578 3885 ad
2625 3840 2727 3886 eas
2776 3820 2989 3885 solum

632 3928 889 4010 nuptias
958 3929 1358 3995 celebrandas
1429 3930 1776 3994 necessaria
1836 3929 1996 3995 citra
2063 3929 2418 4012 portorium
2463 3929 2527 3992 et
2581 3927 2852 4011 vectigal
2914 3926 2997 3990 in

632 4035 854 4097 urbem
900 4033 1164 4099 advehet
1210 4054 1404 4118 eaque
1450 4036 1648 4100 libere
1695 4035 2047 4118 usurpabit.

849 4298 890 4366 1)
935 4298 1427 4364 „Gewaltmes'cer·“
1469 4328 1536 4338 —
1578 4298 1621 4368 ⁵²)
1666 4299 2121 4366 „Botmesteren.“
