3259 5075
428 567 501 609 80.
529 563 645 608 Jan.

675 266 805 327 928
1535 261 1721 326 Almo
1776 262 1944 326 1553
1990 264 2147 326 acta.

673 438 974 504 fidentius
1019 441 1085 503 et
1128 438 1429 503 audacius
1489 438 1582 503 rei
1616 438 1757 525 iam
1817 436 2237 503 conficiendae
2304 436 2618 502 insistunt
2660 437 2728 500 et
2774 437 3066 501 tertiam

676 545 1201 628 supplicationem
1237 547 1341 610 30.
1377 544 1657 609 Ianuarii
1691 544 1939 609 senatui
1970 543 2261 623 offerunt,
2298 543 2479 608 ouius
2510 542 2617 607 hic
2645 543 2780 608 fere
2811 561 3064 607 sensus

676 654 773 717 est
794 657 840 716 ¹:
889 652 1048 716 Cum
1094 652 1264 715 inter
1308 652 1595 715 senatum
1627 653 1692 715 et
1738 669 1802 714 se
1832 650 2402 734 recuperandorum
2447 649 2950 733 privilegiorum
2983 668 3062 713 ac

675 757 885 823 civilis
933 755 1248 822 libertatis
1296 756 1645 821 reddendae
1692 775 1881 821 causa
1944 756 2315 840 aliquandiu
2361 756 2677 821 contentio
2724 756 2945 820 fuerit
2991 759 3060 819 et

673 864 740 929 in
789 863 1099 946 superiori
1144 863 1603 946 supplicatione
1651 863 1895 945 aliquot
1941 882 2119 928 voces
2167 863 2479 945 expositae
2528 862 2675 941 sint,
2726 882 2903 945 quae
2955 882 3058 926 se·

673 974 894 1035 natum
963 971 1125 1035 forte
1171 969 1547 1035 offenderint
1590 970 1656 1034 et
1699 968 2229 1052 exasperaverint,
2302 988 2462 1051 quae
2505 969 2599 1032 ita
2644 967 3050 1047 intellectae,

674 1077 854 1160 quasi
911 1078 1122 1142 curiae
1192 1076 1480 1159 pluribus
1550 1076 1994 1140 novationibus
2064 1077 2352 1140 senatum
2398 1075 2466 1139 in
2513 1078 2842 1157 posterum
2913 1076 3054 1139 sint

671 1182 1165 1246 molestaturae²
1197 1221 1278 1229 —
1311 1181 1388 1245 ad
1423 1180 1587 1263 quod
1622 1180 2039 1263 respondeant
2084 1180 2286 1244 Deum
2335 1182 2596 1261 novisse,
2647 1181 2818 1264 quod
2869 1181 3050 1245 nihil

671 1287 970 1352 adversus
1002 1288 1357 1371 principem
1388 1290 1452 1352 et
1482 1290 1770 1353 senatum
1803 1289 2166 1370 moliantur,
2212 1289 2394 1369 nihil,
2429 1290 2556 1353 nisi
2587 1290 2754 1372 quod
2793 1309 3044 1372 pacem,

669 1394 1200 1477 tranquillitatem
1242 1397 1306 1460 et
1350 1395 1701 1460 amicitiam
1747 1396 1913 1460 inter
1961 1397 2248 1460 senatum
2279 1403 2342 1460 et
2388 1396 2554 1460 cives
2604 1395 2815 1477 pariat
2861 1415 3046 1459 eam-

670 1519 792 1584 que
837 1520 1027 1584 quam
1073 1501 1432 1567 diutissime
1477 1505 1818 1582 conservet,
1869 1503 2131 1585 agitent.
2197 1503 2335 1567 Non
2384 1522 2544 1567 nova
2588 1505 2653 1568 et
2696 1502 3042 1583 inusitata,

671 1606 780 1671 sed
827 1609 1038 1671 vetera
1082 1609 1146 1671 et
1189 1608 1608 1673 usitatissima
1655 1614 1933 1690 poscant.
2003 1608 2071 1674 Si
2102 1628 2247 1673 vero
2294 1608 2449 1692 quid
2497 1607 2731 1672 iudicio
2769 1612 3042 1672 senatus

667 1712 737 1777 in
769 1713 1078 1795 superiori
1124 1714 1584 1796 supplicatione
1615 1715 1682 1779 et
1709 1714 1964 1778 insertis
1997 1714 2286 1779 articulis
2319 1713 2778 1796 deprehensum
2809 1713 3035 1792 fuerit,

669 1819 835 1903 quod
883 1820 1191 1903 iniquum,
1242 1820 1553 1885 iniustum
1599 1821 1666 1885 et
1709 1840 1834 1884 non
1883 1821 2210 1885 ferendum
2255 1839 2389 1885 esse
2437 1820 2915 1899 existimaverit,
2970 1839 3042 1883 se

667 1924 904 1990 iudicio
952 1926 1053 1990 sui
1101 1926 1506 2009 magistratus
1555 1927 1980 1992 submissuros
2027 1930 2214 2010 atque
2259 1926 2452 2007 illud,
2525 1927 2689 2010 quod
2736 1927 3036 2009 aequitas

670 2031 735 2095 et
779 2030 1072 2096 honestas
1141 2034 1442 2115 exegerit,
1514 2031 1789 2096 libenter
1853 2033 2148 2097 facturos
2246 2033 2361 2097 Sed
2414 2053 2479 2096 se
2524 2032 2907 2115 efflagitare,
2959 2036 3038 2097 ut

669 2139 922 2201 senatus
970 2155 1081 2201 suo
1113 2137 1349 2202 iudicio
1398 2137 1689 2220 declaret,
1742 2158 1896 2221 quos
1928 2139 2229 2203 articulos
2276 2138 2700 2203 admittendos
2732 2144 2849 2202 aut
2877 2139 3035 2205 reii-

668 2241 921 2305 ciendos
954 2261 1086 2307 esse
1117 2245 1381 2325 censeat,
1431 2247 1508 2310 ut
1537 2245 1722 2310 finita
1766 2246 2021 2309 taudem
2068 2245 2494 2309 controversia
2524 2249 2591 2308 et
2619 2245 3034 2310 contentione

667 2347 1101 2429 tranquillitas
1147 2348 1212 2413 in
1259 2349 1395 2413 eius
1442 2349 1653 2413 locum
1700 2350 2011 2427 succedat,
2062 2350 2370 2415 coalescat
2415 2353 2480 2414 et
2526 2353 2830 2432 perpetuo
2875 2368 3031 2413 con·

668 2458 971 2519 servetur.
1023 2454 1262 2520 Obnixe
1299 2476 1363 2520 se
1395 2475 1640 2541 quoque
1688 2476 1925 2541 rogare,
1975 2459 2050 2521 ut
2097 2456 2257 2521 hanc
2306 2475 2563 2520 causam
2610 2456 2690 2519 ad
2737 2455 3028 2519 animum

667 2566 914 2626 revocet
960 2562 1328 2645 melioriq1e
1374 2563 1605 2626 mentis
1654 2566 1831 2645 parte
1862 2564 2038 2628 varia
2083 2563 2478 2627 incommoda
2522 2562 2672 2626 hinc
2706 2580 3029 2625 emersura

667 2670 1027 2751 pertractet,
1076 2669 1374 2734 articulos
1421 2669 1795 2752 praedictos,
1845 2690 1999 2753 quos
2046 2669 2353 2752 aequitati
2391 2671 2457 2733 et
2502 2667 2795 2751 publicae
2843 2666 3023 2731 utili-

666 2774 789 2839 tati
835 2795 957 2839 non
1006 2775 1325 2841 adversari
1370 2775 1759 2856 existiment,
1831 2776 2129 2842 admittat
2197 2775 2626 2859 principisque
2695 2793 3026 2839 assensum

666 3005 745 3058 sie
782 3004 899 3058 sich
936 3005 1135 3074 keynes
1174 3004 1379 3074 dynges
1416 3003 1611 3057 wollen
1651 3020 1930 3069 annemen‚
1982 3003 2086 3057 dan
2127 3004 2224 3057 dat
2260 3004 2375 3058 sich
2415 3021 2516 3074 eyn
2553 3003 2814 3057 idtlicher
2848 3002 3025 3057 wolde

665 3092 921 3146 fredtlich
975 3092 1085 3146 und
1124 3092 1271 3147 stille
1309 3091 1525 3145 halden.
1600 3092 1721 3145 Dan
1763 3091 1863 3145 doe
1901 3110 1957 3146 ee
1995 3093 2110 3146 sich
2158 3093 2366 3147 woerde
2414 3091 2712 3162 toedragen
2751 3134 2762 3144 .
2786 3130 2800 3143 .
2825 3132 2866 3158 .,
2923 3091 3026 3144 das

665 3181 815 3235 einer
853 3181 979 3235 eder
1015 3181 1167 3235 mehr
1219 3197 1323 3233 van
1363 3179 1465 3234 den
1504 3196 1799 3234 voerwcser
1854 3180 1982 3234 eder
2017 3185 2173 3234 sunst
2228 3181 2460 3251 eynigen
2496 3181 2692 3249 borget
2746 3179 3023 3249 gesangen

665 3269 792 3323 eder
828 3273 984 3323 sunst
1019 3271 1075 3323 in
1114 3268 1349 3323 schaden
1386 3269 1610 3322 koemen
1651 3267 1747 3321 der
1783 3268 2073 3338 voerdinge
2110 3268 2324 3336 halben,
2379 3268 2474 3322 des
2511 3285 2618 3322 wer
2655 3268 2760 3321 dan
2800 3268 3024 3336 bynnen

664 3357 829 3411 edder
868 3358 1032 3411 buten
1069 3358 1333 3424 Munstm,
1391 3357 1508 3410 dass
1554 3357 1634 3410 sie
1672 3356 1771 3410 dar
1807 3356 1914 3410 alle
1967 3356 2176 3410 wolden
2227 3357 2373 3411 hand
2410 3358 2482 3426 by
2519 3355 2706 3411 halten
2763 3356 2876 3409 und
2913 3356 3025 3410 den

663 3444 975 3500 schadeloes
1015 3450 1103 3500 toe
1140 3445 1367 3512 halden,
1422 3446 1529 3498 und
1572 3461 1708 3514 eyno
1745 3446 1817 3515 by
1858 3445 1959 3498 den
1999 3445 2234 3499 anderen
2272 3449 2528 3515 upsetzen
2566 3445 2676 3512 liff,
2731 3444 2872 3514 gudt
2904 3445 3024 3498 und

662 3532 828 3602 bloet,
866 3534 978 3587 und
1013 3534 1069 3587 in
1108 3533 1213 3587 den
1240 3533 1403 3587 seilen
1443 3550 1612 3602 eynen
1653 3534 1757 3587 den
1796 3533 2029 3587 anderen
2069 3533 2221 3586 nicht
2257 3538 2349 3587 too
2375 3534 2640 3598 verlaten3
2678 3533 2776 3586 dat
2811 3539 3026 3586 moeste

664 3638 767 3691 eyn
805 3621 922 3676 ider
956 3638 1083 3675 voer
1122 3638 1290 3691 synon
1328 3639 1518 3691 person
1568 3623 1752 3675 seinen
1791 3621 2208 3691 gildemesteren
2267 3621 2398 3675 daer
2435 3621 2522 3676 die
2560 3621 2734 3675 handt
2767 3638 2841 3691 up
2878 3620 3024 3675 doen

660 3708 773 3763 und
812 3709 928 3764 sich
965 3710 1060 3763 der
1096 3716 1313 3764 maeten
1350 3710 1770 3780 voerplichten.“

880 3816 920 3883 ¹)
961 3815 1080 3870 Von
1119 3815 1295 3870 dieser
1344 3814 1546 3869 dritten
1585 3816 1902 3870 Bittsohrift
1956 3815 2053 3869 der
2086 3815 2309 3869 Aemter
2360 3815 2632 3870 berichtct
2684 3815 2774 3869 die
2815 3815 3026 3880 „Korte

661 3903 1003 3973 antekunge“
1044 3904 1213 3959 nicht.
1286 3904 1465 3959 Kerss.
1507 3905 1606 3958 hat
1661 3904 1764 3958 don
1805 3903 2079 3958 Wortlaut
2131 3920 2228 3958 vor
2264 3904 2380 3958 sich
2419 3904 2624 3972 gehabt
2675 3903 2788 3957 und
2824 3908 3023 3973 gen-eu

661 3990 765 4045 den
791 3992 926 4046 Sinn
963 3993 1421 4062 wiedergegeben.
1474 3993 1827 4063 Abgcdruckt
1860 3994 1938 4046 ist
1973 3996 2051 4047 sie
2089 4009 2187 4047 aus
2213 3993 2334 4047 dem
2362 3992 2512 4062 Orig.
2551 3994 2627 4046 im
2663 3992 2914 4046 stadt-A.
2941 3993 3024 4047 M.

658 4096 765 4133 von
801 4080 865 4135 R.
903 4080 1353 4135 Krumbholtz
1392 4099 1440 4135 a.
1469 4080 1519 4135 a.
1546 4081 1609 4135 Ο.
1651 4082 1704 4136 S.
1744 4083 1828 4135 83.

876 4166 921 4236 ⁸)
964 4210 1011 4236 „.
1033 4210 1046 4224 .
1069 4210 1082 4223 .
1120 4168 1201 4222 als
1239 4168 1424 4223 solden
1464 4168 1551 4222 die
1588 4174 1800 4239 ampter
1836 4170 2163 4239 meinungen
2199 4168 2427 4237 hebben,
2465 4169 2748 4238 kuuflziger
2783 4170 2856 4222 tit
2893 4185 2940 4222 e.
2980 4169 3021 4224 1.

658 4256 764 4310 mit
798 4274 973 4312 merer
1026 4273 1306 4328 neuerung
1360 4257 1489 4312 oder
1525 4263 1678 4312 sonst
1730 4259 1835 4311 mit
1879 4257 2207 4312 unbillicher
2261 4258 2542 4328 drengerie
2597 4256 2868 4312 ansochen
2903 4258 3025 4311 und

659 4344 1050 4400 beschweren.“
