3259 5075
1097 342 1280 406 Anno
1333 339 1503 406 1535
1551 341 1708 405 acta.
2445 341 2574 407 851

226 517 402 581 faber
446 516 799 598 ahenarius,
850 536 883 581 e
915 516 1165 599 regione
1211 516 1423 581 curiae
1469 519 1684 600 aperto
1731 535 2030 581 mucrone
2074 517 2266 581 latere
2319 516 2575 582 corruit.

141 634 148 641 ·
227 622 357 687 Alii
390 643 422 686 e
455 622 633 688 curia
676 622 1179 706 praecipitantur
1223 623 1291 688 in
1336 624 1547 689 forum
1593 625 1658 689 et
1703 624 1769 688 in
1800 624 2084 689 militum
2128 624 2223 688 ibi
2270 623 2579 689 stantium

228 730 439 794 hastas
485 729 833 794 insiliunt⁸.

441 836 749 919 TylanuS,
821 836 1008 900 homo
1072 836 1318 901 statura
1377 836 1713 919 oblongnS,
1785 837 2152 901 monoculus
2199 838 2261 901 et
2307 835 2578 919 insignis

230 942 553 1023 iaculator,
613 942 766 1006 alcis
813 942 978 1025 pelle
1026 945 1088 1007 et
1133 942 1314 1026 galea
1357 943 1646 1009 munitus
1693 963 1732 1008 a
1775 943 2093 1008 militibus
2140 942 2420 1027 undique
2466 943 2581 1007 ha-

229 1048 372 1129 stis,
422 1041 684 1131 gladiis,
749 1049 1131 1130 bipennibus
1200 1049 1564 1132 impeditur,
1614 1050 1941 1132 pungitur,
1993 1048 2278 1114 caeditur
2324 1051 2387 1113 et
2431 1049 2580 1131 pul·

229 1157 403 1218 satur
448 1155 556 1234 ita,
633 1157 706 1219 ut
753 1174 932 1237 saepe
978 1155 1046 1219 in
1093 1175 1298 1238 genua
1341 1158 1612 1237 corruat,
1687 1155 1793 1220 sed
1840 1155 2009 1219 muri
2076 1155 2389 1237 praesidio
2436 1158 2578 1219 tan-

229 1280 415 1345 quam
462 1262 664 1326 fulcro
736 1261 989 1325 innixus
1051 1261 1356 1346 resurgit,
1428 1262 1534 1326 vix
1579 1261 1832 1326 tandem
1881 1261 2278 1325 creberrimis
2342 1260 2577 1326 ictibus

227 1368 403 1432 iuxta
448 1371 789 1452 angustum
838 1368 1237 1450 ponticulum
1293 1369 1601 1433 sternitur
1648 1370 1712 1432 et
1755 1368 1823 1431 in
1870 1367 2146 1449 Alpham
2195 1367 2575 1448 detruditur,

226 1475 339 1538 ubi
384 1475 591 1557 aquiS,
667 1494 819 1555 quas
868 1494 1087 1538 cruore
1158 1494 1269 1538 suo
1315 1474 1539 1556 tingit,
1612 1475 1676 1537 et
1722 1492 1908 1538 arena
1969 1473 2234 1537 obrutus
2304 1472 2579 1537 animam

227 1581 478 1645 evomit.
573 1581 1008 1663 Speculatores
1057 1583 1329 1663 quatuor
1371 1580 1440 1643 in
1487 1579 1654 1643 turri
1700 1579 2107 1644 Lambertina
2171 1579 2402 1643 acriter
2448 1597 2578 1643 sese

225 1685 523 1750 adversus
570 1686 1042 1751 ascendentium
1090 1685 1401 1767 impetum
1448 1686 1727 1765 tuentur,
1779 1685 1886 1749 sed
1930 1686 2060 1748 tres
2109 1703 2324 1748 eorum
2370 1687 2577 1749 trans-

226 1791 379 1855 fossi
428 1792 796 1873 concidunt,
866 1793 1127 1873 quartus
1174 1809 1318 1854 vero
1367 1809 1399 1854 e
1447 1809 1692 1854 summo
1740 1789 1992 1873 fastigio
2039 1790 2220 1855 vivus
2268 1790 2578 1872 praecipi·

226 1898 418 1977 tatur,
469 1898 576 1980 qui
623 1918 770 1962 cum
816 1899 1019 1961 solum
1066 1897 1413 1979 tetigisset,
1483 1896 1576 1960 ita
1621 1896 1931 1978 dissiluit,
1981 1898 2056 1961 ut
2101 1897 2392 1961 omnibus
2440 1916 2577 1961 cor-

227 2003 396 2084 poris
445 2004 705 2068 nexibus
753 2003 1081 2068 dissolutis
1127 2003 1434 2067 intestina
1479 2022 1625 2066 cum
1674 2003 1977 2086 sanguine
2024 2003 2354 2067 effluerent
2373 2005 2415 2067 ¹.

438 2109 822 2175 Huiusmodi
883 2113 1143 2175 cruenta
1213 2108 1569 2192 spectacula
1614 2110 1897 2192 quotidie
1957 2109 2035 2174 ad
2083 2113 2220 2173 octo
2269 2109 2396 2173 sere
2443 2107 2576 2173 dies

224 2216 293 2278 in
338 2235 459 2295 e08,
511 2235 664 2297 quos
712 2219 824 2281 aut
869 2216 1050 2279 miles
1099 2218 1210 2280 aut
1255 2216 1448 2280 fames
1497 2236 1527 2279 e
1575 2214 1834 2279 latebris
1902 2215 2152 2297 prodire
2199 2215 2421 2298 coegit,
2474 2234 2577 2279 ex-

223 2321 542 2387 hibentur.
615 2322 699 2386 Et
730 2341 876 2386 cum
910 2341 1122 2387 omnes
1158 2321 1415 2386 retincti
1461 2322 1788 2403 pallerent,
1839 2341 2051 2386 omnes
2084 2323 2392 2404 pallentes
2426 2340 2577 2385 ana-

222 2428 533 2510 baptistas
581 2448 714 2493 esse
763 2429 1225 2493 existimabant.
1321 2427 1505 2492 *Ideo
1553 2428 1775 2492 multis
1835 2429 2182 2511 peregrinis
2231 2430 2293 2493 et
2336 2426 2575 2511 ignotis
2601 2442 2698 2514 ⁴¹1³.
2737 2443 2863 2499 619.

223 2534 430 2616 pallor
475 2534 663 2600 exitio
710 2536 854 2600 fuit.

439 2643 748 2708 Dominus
784 2643 1140 2708 Bernardus
1175 2643 1601 2725 Krechtingus
1638 2663 1669 2706 e
1703 2642 1998 2708 coenobio
2031 2641 2378 2725 Aegidiano
2426 2661 2574 2724 cap-

221 2748 395 2813 tivus
442 2749 842 2831 protrahitur
882 2752 961 2830 et,
1013 2769 1158 2812 cum
1192 2748 1487 2813 continuo
1523 2749 1682 2813 mori
1727 2749 1966 2830 mallet,
2016 2748 2319 2812 acerbiori
2365 2750 2575 2811 tamen

221 2875 456 2937 poenae
500 2858 854 2920 reservatus
889 2857 1000 2919 est.
1072 2855 1370 2921 Gerlacus
1418 2873 1665 2939 quoque
1697 2875 1733 2919 a
1763 2855 2017 2919 Wullen
2066 2856 2130 2917 et
2176 2852 2574 2917 Christianus

222 2962 655 3045 Kerckringus
705 2962 874 3044 capti
922 2961 1323 3026 abducuntur
1368 2960 1447 3024 ad
1494 2979 1665 3025 arces
1712 2961 2018 3043 principis
2041 2961 2081 3041 ²,
2151 2978 2419 3042 quornm
2466 2958 2575 3023 ille

222 3067 392 3131 circa
437 3068 669 3132 festum
705 3067 875 3133 Galli
920 3067 989 3131 in
1022 3067 1280 3132 Octobri
1313 3067 1608 3131 abiurans
1657 3067 2164 3149 anabaptismum
2209 3066 2277 3128 in
2307 3063 2578 3147 gratiam

219 3193 259 3238 a
306 3174 590 3256 principe
637 3177 924 3256 receptus
972 3174 1107 3267 vita
1152 3174 1438 3254 donatur,
1506 3173 1611 3238 hic
1658 3193 1801 3238 vero
1848 3173 2016 3238 inter
2059 3171 2469 3237 Dulmaniam
2513 3172 2577 3234 et

224 3280 596 3362 Wedderen,
650 3279 1021 3345 coenobium
1069 3279 1651 3362 Carthusianorum,
1703 3300 1735 3343 e
1767 3299 1974 3360 curru,
2025 3297 2146 3361 quo
2194 3295 2341 3342 cum
2371 3276 2576 3359 Knip-

221 3387 621 3470 perdollingo
668 3387 943 3470 vehitur,
990 3406 1104 3469 per
1150 3387 1508 3451 carnificem
1554 3389 1772 3468 raptus
1821 3385 2169 3451 decollatur
2188 3385 2230 3449 ⁸.

437 3494 605 3558 Hinc
654 3495 953 3558 cadavera
1023 3494 1369 3558 occisorum
1417 3494 1702 3558 vestibus
1764 3492 2111 3575 despoliata
2156 3492 2233 3555 ab
2282 3490 2578 3574 agricolis

439 3686 487 3754 a)
526 3687 665 3739 Ma:
702 3687 887 3741 hastas
927 3692 982 3740 et
1019 3686 1287 3742 insiliunt.

442 3883 482 3948 1)
521 3881 645 3950 vgl.
683 3882 751 3935 D.
779 3881 952 3935 Lilic
991 3882 1043 3937 S.
1071 3883 1199 3935 259:
1245 3881 1356 3946 „De
1395 3880 1815 3935 landesknechte
1853 3896 2043 3933 nemen
2082 3878 2185 3932 den
2212 3876 2579 3931 kuerwechter

218 3985 296 4038 up
336 3969 507 4023 Sunte
532 3970 856 4024 Lamberdes
883 3973 1053 4036 torne,
1093 3970 1158 4023 de
1186 3986 1320 4023 enne
1356 3971 1416 4022 in
1442 3970 1564 4023 dem
1599 3968 1789 4037 legger
1824 3968 1940 4022 vele
1978 3969 2145 4037 spites
2184 3966 2397 4034 gedain,
2435 3965 2580 4020 unde

223 4075 441 4127 worpen
481 4075 546 4111 cn
585 4057 762 4112 daraff
795 4061 895 4127 upt
931 4058 1220 4111 marcket.“
2620 4114 2626 4119 ,

441 4145 483 4211 ²)
520 4147 632 4200 Das
657 4146 926 4200 ber-ichtet
953 4146 1090 4199 auch
1117 4146 1299 4201 Herm.
1319 4163 1365 4198 v.
1388 4145 1709 4213 Mengersen
1735 4161 1821 4198 arn
1846 4145 1933 4199 29.
1960 4143 2090 4197 Juni
2118 4141 2309 4211 (a.a.O.
2335 4141 2421 4196 Bl.
2440 4142 2578 4209 Aa).

440 4234 482 4301 ³)
522 4236 623 4289 Die
661 4235 1031 4304 Hinrichtung
1069 4234 1193 4287 Chr.
1231 4233 1639 4287 Kerckerinck's
1692 4234 1933 4286 erwahnt
1972 4233 2152 4286 Kerss.
2191 4232 2371 4302 gleich
2408 4237 2579 4285 unten

217 4322 362 4375 noch
401 4323 616 4378 cinmal.
689 4324 814 4393 vgl.
854 4323 993 4377 auch
1030 4324 1098 4377 D.
1136 4321 1324 4376 Lilie
1373 4323 1427 4377 S.
1466 4323 1593 4375 ⁵259:
1640 4322 2031 4387 „Kerckerinck
2069 4321 2241 4374 wordt
2292 4320 2580 4374 twisschen

217 4410 461 4465 Dulman
498 4412 639 4464 unde
678 4411 958 4465 Coesfelde
998 4413 1054 4465 in
1093 4411 1214 4464 dem
1251 4410 1405 4464 velde
1444 4410 1864 4480 affgehouwen.“

2360 4497 2489 4563 30*
