3259 5075
1148 312 1330 376 Anno
1383 313 1552 377 1535
1599 313 1758 376 acta.
2494 311 2621 375 799

270 488 484 571 flagris
517 489 923 572 quantumvis
969 488 1281 553 herilibus
1312 488 1504 554 fidem
1536 490 1808 569 mutant,
1859 488 2169 552 excoriare
2201 486 2396 552 iubet.
2449 487 2621 553 Haec

269 612 381 676 pro
427 594 769 676 leporibuS,
840 596 1010 679 apris
1056 599 1121 661 et
1165 595 1384 677 cerviS,
1433 614 1701 679 quorum
1749 594 1927 658 nulla
1970 593 2098 658 fuit
2144 592 2338 678 copia,
2387 612 2616 675 mureS,

270 700 499 765 sorices
546 706 610 765 et
652 701 845 785 glires
892 721 1017 767 nou
1064 702 1321 786 quidem
1365 702 1434 766 in
1481 701 1690 783 silviS,
1763 700 1872 766 sed
1919 699 2159 765 horreis
2212 699 2508 764 inanibus
2556 701 2621 765 et

267 806 501 887 vacuis,
575 826 700 871 non
744 807 948 891 plagis
996 811 1060 873 et
1104 807 1372 889 retibus,
1444 807 1554 873 sed
1600 806 1912 890 decipulis
1960 826 2101 871 esca
2145 805 2225 870 ad
2269 805 2620 871 fallendum

267 912 598 976 instructis
645 914 862 978 venari
923 913 1227 997 suggerit,
1299 912 1410 996 qui
1457 913 1610 978 dum
1657 932 1862 978 escam
1907 913 2182 995 captant,
2248 931 2389 978 esca
2432 912 2616 976 fiunt.

266 1017 437 1081 Haec
482 1018 619 1082 loco
663 1018 952 1102 leporum
996 1039 1254 1085 murum
1300 1020 1533 1101 hostes,
1582 1038 1737 1103 quos
1782 1019 1935 1083 feles
1967 1037 2280 1101 vocamus,
2331 1017 2433 1082 illi
2471 1037 2617 1083 vero

266 1122 507 1205 lepores
555 1122 926 1190 domesticos
940 1176 955 1206 ,
1005 1127 1242 1190 mactat
1288 1127 1353 1190 et
1398 1125 1654 1190 resectis
1705 1123 2048 1208 capitibuS,
2100 1143 2247 1189 cum
2293 1124 2618 1189 cerebrum

266 1228 525 1293 noxium
569 1230 847 1311 putetur,
895 1233 1170 1297 verubus
1217 1231 1440 1296 infixos
1485 1231 1622 1315 igni
1651 1232 1852 1296 torret
1871 1233 1912 1297 ².
1969 1231 2142 1295 Haec
2171 1230 2430 1312 corium,
2464 1229 2619 1294 haec

267 1332 529 1400 detritos
576 1334 833 1417 calceos,
894 1337 1049 1402 haec
1095 1336 1299 1401 omnis
1358 1337 1601 1420 generis
1647 1336 1863 1419 pelle8‚
1934 1336 2089 1401 haec
2136 1336 2445 1401 librorum
2489 1355 2618 1400 non

266 1441 629 1505 exustorum
673 1441 878 1507 alutas
911 1461 1073 1525 aqua
1116 1441 1507 1525 permollitus
1541 1445 1606 1507 et
1635 1442 2039 1508 frustillatim
2071 1441 2350 1507 concisas
2371 1444 2413 1525 ²,
2461 1442 2617 1507 haec

483 1722 524 1789 ι)
561 1722 644 1777 Im
671 1721 990 1792 Flugblatte
1030 1722 1174 1789 „Der
1197 1726 1394 1793 gantze
1417 1721 1651 1777 handel“
1690 1721 1776 1777 Bl.
1800 1721 1849 1776 A
1869 1722 1903 1776 3
1938 1722 2106 1777 heisst
2142 1739 2222 1777 es:
2266 1723 2455 1790 „Nach
2492 1722 2616 1778 dem

265 1812 396 1865 aber
431 1810 608 1865 schier
643 1810 719 1865 all
757 1810 988 1880 getrayd
1024 1810 1142 1864 anfi·
1173 1814 1359 1881 gezert
1397 1852 1410 1865 .
1432 1851 1446 1865 .
1468 1850 1499 1878 .‚
1537 1811 1606 1865 do
1631 1809 1802 1866 erhub
1839 1810 1957 1865 sich
1984 1812 2181 1880 jamcr.
2238 1811 2330 1867 Sie
2366 1814 2614 1866 ernerten

264 1899 381 1954 sich
417 1899 600 1954 fortan
635 1900 741 1953 mit
775 1900 1030 1953 krcutern
1066 1899 1179 1953 und
1214 1899 1492 1953 wurtzeln.
1541 1898 1797 1953 Darnach
1835 1899 1951 1953 sein
1986 1897 2201 1967 katzen,
2237 1899 2404 1967 hund,
2442 1898 2614 1955 meuse

263 1988 377 2041 und
414 1987 761 2057 dergleichcn
798 1987 959 2042 theur
994 1988 1245 2058 wildpret
1281 1988 1574 2057 gewesen.“
1635 1986 1696 2041 C.
1733 1987 2124 2041 Heresbach
2161 1987 2216 2042 S.
2242 1988 2313 2041 24
2349 1987 2612 2042 schreibt:

268 2076 376 2143 „Ac
402 2078 634 2146 primum
672 2076 882 2146 equinis
920 2076 1171 2130 carnibus
1198 2078 1254 2129 et
1289 2075 1578 2130 herbarum
1612 2075 1887 2130 radicibus
1912 2076 2282 2132 victitabam.
2332 2075 2613 2146 Aliquam-

263 2165 357 2219 diu
396 2166 624 2219 caeteris
672 2181 861 2234 parum
898 2168 1079 2219 tamen
1117 2164 1289 2218 veseis
1326 2164 1462 2219 cibis
1510 2163 1725 2218 inediae
1763 2167 2126 2231 occurrerunt,
2162 2163 2335 2219 veluti
2371 2165 2613 2234 canibus,

262 2253 510 2323 gliribus,
549 2254 687 2308 catis
724 2292 736 2306 .
760 2292 774 2305 .
798 2254 842 2305 .“
918 2252 1061 2307 Joh.
1098 2252 1458 2307 Fabricius
1493 2251 1848 2307 Bolandus
1884 2252 1971 2307 Bl.
2004 2253 2104 2306 Y2
2142 2256 2290 2323 sagt:

694 2341 871 2408 „Quin
906 2358 1003 2411 pro
1040 2341 1246 2395 delitiis
1284 2340 1612 2395 animalcula
1647 2339 1809 2395 foeda
1843 2357 1940 2411 per
1976 2340 2153 2409 aedes,

794 2429 842 2483 A
879 2429 1075 2500 quibus
1112 2428 1404 2483 abscedens
1440 2445 1569 2483 usus
1606 2429 1876 2497 abhorret,
1914 2428 2136 2484 habent.

690 2517 794 2573 Hic
830 2517 967 2572 feles
1004 2517 1229 2573 canibus
1266 2518 1466 2572 iunctis
1505 2519 1706 2589 coquit,
1746 2517 1887 2573 alter
1923 2517 2132 2572 alutam

797 2607 869 2661 Et
906 2608 1127 2674 corium,
1164 2607 1376 2661 fervens
1413 2606 1557 2677 quod
1591 2607 1729 2661 bene
1765 2606 1946 2661 mollit
1981 2623 2140 2677 aqua.

688 2694 944 2750 Pluribus
982 2699 1066 2750 est
1100 2697 1277 2751 victus
1314 2696 1530 2750 caenosi
1566 2694 1790 2765 garrula
1825 2696 2009 2765 stagni

796 2784 967 2853 Rana,
1005 2784 1192 2839 volans
1230 2783 1333 2839 alis
1370 2800 1557 2838 musca
1592 2800 1788 2837 sonora
1823 2784 1953 2839 suiS.

688 2870 805 2927 Iste
839 2875 996 2926 vorat
1031 2888 1209 2927 mures
1248 2914 1262 2928 .
1284 2913 1297 2927 .
1319 2913 1332 2927 .

260 2958 447 3029 Vergl.
485 2959 574 3014 die
608 2960 1084 3015 Bischofschronik
1122 2960 1220 3029 (M.
1260 2958 1417 3027 G.-Q.
1454 2960 1502 3030 Ι,
1542 2959 1691 3030 338),
1748 2960 1889 3015 auch
1924 2960 1992 3016 D.
2031 2960 2222 3015 Lilie
2265 2960 2321 3015 S.
2358 2959 2466 3014 255
2501 2960 2614 3015 und

260 3047 483 3102 Herm.
519 3048 975 3103 Hamelmann
1024 3049 1081 3104 S.
1121 3048 1524 3104 1272u.1277.
1594 3048 1665 3104 Η.
1706 3048 2044 3104 Gresbeck
2082 3048 2136 3104 S.
2177 3046 2278 3103 189
2314 3049 2609 3104 berichtet:

264 3176 313 3202 „.
335 3176 349 3190 .
371 3176 384 3189 .
422 3135 633 3191 hebben
672 3178 686 3191 .
709 3178 724 3191 .
745 3177 757 3190 .
795 3141 1055 3208 gegetten
1093 3136 1304 3192 allerlei
1339 3137 1524 3192 beeste
1559 3154 1632 3209 up
1671 3137 1794 3192 dem
1829 3136 1991 3192 lande
2029 3138 2140 3192 und
2177 3138 2235 3191 in
2267 3137 2390 3191 dem
2425 3140 2611 3205 water,

260 3223 317 3277 al
355 3223 467 3293 dat,
524 3224 623 3279 dat
656 3223 811 3280 leven
846 3224 1025 3280 hadde
1064 3267 1078 3282 .
1099 3267 1112 3281 .
1134 3267 1147 3281 .
1186 3225 1257 3281 So
1294 3225 1506 3280 hebben
1543 3226 1622 3280 sie
1658 3226 1716 3279 in
1752 3225 1849 3279 dat
1883 3226 2015 3279 irste
2053 3228 2242 3295 getten
2278 3224 2459 3296 perde,
2515 3226 2613 3280 dat

259 3311 424 3366 hovet
459 3312 564 3367 mit
598 3312 704 3366 den
739 3317 948 3383 meten,
985 3313 1132 3369 lever
1166 3313 1279 3368 und
1313 3313 1496 3384 lunge.
1557 3313 1652 3368 Sic
1685 3313 1895 3368 hebben
1933 3316 2122 3383 getten
2158 3313 2367 3382 kattem
2411 3313 2610 3383 hunde,

258 3400 452 3470 masse,
488 3404 688 3471 ratten,
726 3405 882 3473 grote
918 3403 1102 3458 breide
1136 3402 1434 3471 muscheln‚
1471 3402 1727 3457 voersche
1761 3402 1875 3456 und
1910 3403 2086 3473 grass;
2125 3403 2236 3457 und
2277 3404 2326 3457 is
2361 3404 2527 3458 moiss
2563 3404 2613 3458 ir

259 3490 406 3544 broit
460 3493 679 3561 gewest.
753 3491 824 3545 So
860 3489 1032 3560 langh
1068 3489 1151 3545 als
1188 3491 1267 3546 sie
1305 3490 1442 3546 saltz
1496 3489 1728 3558 hedden‚
1764 3490 1813 3544 is
1851 3489 1948 3544 dat
1982 3492 2033 3544 ir
2067 3494 2158 3545 vet
2206 3492 2500 3562 gewesen.“
2543 3520 2609 3531 —

261 3577 441 3633 Schon
477 3579 554 3632 im
589 3577 799 3633 Januar
832 3578 989 3633 hatte
1024 3579 1095 3634 Η.
1123 3578 1292 3634 Graes
1330 3582 1626 3650 ausgesagt
1665 3578 1740 3648 (J.
1765 3579 2081 3634 Niesert:
2120 3579 2270 3636 U.-S.
2296 3579 2342 3636 I.
2370 3579 2424 3636 S.
2456 3580 2607 3649 148):

263 3666 411 3734 „Dar
446 3666 559 3720 sint
594 3666 663 3719 24
688 3665 854 3736 perde
890 3666 998 3721 alle
1035 3670 1320 3738 gegctten3
1359 3667 1426 3721 de
1450 3667 1643 3722 katten
1678 3666 1882 3722 braden
1907 3684 1965 3722 se
1990 3684 2060 3721 an
2085 3666 2191 3722 den
2227 3671 2460 3738 spettem
2496 3669 2610 3724 und

259 3753 456 3808 muisse
492 3754 550 3809 in
576 3754 673 3809 der
694 3755 959 3825 pannen.“
1010 3755 1114 3810 Am
1150 3755 1202 3810 8.
1226 3754 1362 3809 Juni
1396 3755 1682 3810 bekunden
1719 3755 1902 3811 Herm.
1926 3755 2300 3811 Mollenhecke
2336 3756 2448 3811 und
2483 3755 2611 3813 Joh.

258 3841 531 3896 Huttman
569 3842 762 3911 (St-A.
799 3843 1108 3913 Marburg):
1170 3843 1346 3911 „Item
1382 3843 1462 3898 sie
1499 3859 1653 3897 essen
1707 3842 1920 3912 Rauen,
1966 3860 2103 3913 mus,
2154 3843 2351 3913 frosch,
2406 3844 2608 3912 ledder,

259 3946 388 4001 gras
422 3931 536 3985 und
570 3947 681 3986 was
717 3932 797 3987 sie
831 3932 1215 3987 uberkommen
1249 3948 1463 4003 mogen‚
1499 3931 1646 3987 hude
1681 3949 1782 3987 von
1820 3932 1925 3988 den
1960 3932 2234 4004 pferden.“

474 4018 519 4089 ²)
555 4019 705 4076 Aut.
743 4019 993 4076 Corvin
1029 4021 1268 4076 schreibt
1289 4038 1361 4076 an
1388 4021 1453 4077 G.
1480 4020 1732 4092 Spala‘dn
1761 4021 1866 4091 (Bl.
1891 4022 1937 4077 B
1962 4022 2041 4090 1):
2083 4021 2242 4089 „Vidi
2266 4023 2383 4092 ipse
2407 4018 2610 4075 multos

258 4107 337 4161 ibi
373 4106 559 4179 libros,
594 4125 824 4180 quorum
859 4108 1108 4166 detracta
1143 4111 1291 4165 coria
1325 4110 1530 4166 victum
1565 4111 1777 4166 miseris
1814 4109 2244 4181 suppedit-arant.
2316 4109 2390 4164 Et
2426 4125 2489 4164 eo
2524 4109 2608 4163 in·

260 4194 415 4250 ediae
450 4200 643 4267 postea
675 4201 899 4253 ventum
937 4201 1046 4266 est,
1097 4201 1160 4254 ut
1196 4198 1409 4254 nullum
1445 4199 1578 4254 corii
1615 4214 1789 4271 genus
1824 4202 1941 4253 tam
1975 4197 2146 4253 fuerit
2188 4197 2407 4267 durum,
2462 4197 2610 4269 quod

257 4300 366 4338 non
404 4283 740 4340 esculentum
774 4284 888 4341 illis
924 4285 1133 4342 factum
1168 4288 1291 4344 sit.“
1336 4286 1465 4356 „Alt
1497 4285 1667 4357 leder,
1703 4285 1921 4357 schuch‚
1958 4285 2093 4341 heut
2129 4284 2226 4341 der
2247 4285 2398 4341 thier
2428 4285 2608 4341 haben

258 4371 339 4427 sie
375 4376 644 4444 gesotten,
680 4373 919 4429 darnach
954 4379 1238 4446 gestossen
1272 4376 1385 4430 und
1408 4377 1513 4431 mit
1548 4375 1776 4447 allerley
1800 4376 1996 4430 materi
2019 4374 2338 4442 vermischt3
2377 4374 2474 4431 das
2497 4391 2607 4430 vas
