3259 5075
648 289 779 355 498
1508 288 1692 354 Anno
1741 289 1912 355 1534
1955 291 2120 377 acta.

648 485 806 552 quae
836 485 874 531 a
901 466 1251 531 forensibus
1295 465 1521 550 legatis
1553 466 1685 531 sint
1726 465 2062 549 proposita.
2127 465 2293 531 Nam
2336 466 2621 550 principe
2665 466 2735 531 in
2764 467 2987 531 urbem

646 572 920 639 admisso
988 572 1198 655 ipsum
1245 572 1471 637 omnia*
1498 591 1610 638 suo
1657 571 1920 637 arbitrio
1966 592 2091 637 non
2137 572 2272 638 sine
2338 572 2518 656 gravi
2563 573 2842 639 civitatis
2887 573 2989 638 in-

647 678 968 745 commodo
1016 681 1079 743 et
1125 678 1437 744 libertatis
1504 679 1770 744 interitu
1818 680 1972 762 (quo
2018 678 2146 743 iam
2194 678 2306 744 diu
2351 679 2763 762 affectaverit)
2811 681 2989 744 actu-

647 805 810 851 rum.
889 784 1057 865 Quid
1101 785 1393 850 futurum
1437 785 1815 868 existiment,
1865 785 1921 850 si
1967 804 2113 851 eum
2156 786 2328 851 intra
2370 786 2616 851 moenia
2660 785 2987 869 recipiant,

648 892 758 976 qui
802 891 970 956 cives
1031 890 1315 975 indignis
1361 892 1564 957 modis
1610 891 1932 973 afflixerit,
2002 911 2218 956 eorum
2263 892 2428 957 bona
2472 893 2674 957 aresto
2722 892 2990 957 interce-

645 999 837 1082 perit,
905 998 1074 1081 ipsos
1121 997 1599 1080 captivitatibus
1662 997 1988 1079 terruerit,
2060 998 2315 1063 iudiciis
2377 997 2725 1081 peregrinis
2772 1000 2991 1063 contra

644 1104 976 1188 privilegia
1020 1105 1199 1168 urbis
1271 1104 1622 1186 involverit,
1695 1106 2112 1169 commeatum
2172 1104 2605 1170 intercluserit
2649 1106 2836 1187 atque
2882 1123 2987 1168 ex-

645 1212 849 1276 trema
892 1211 1187 1275 adversus
1234 1211 1690 1293 rempublicam
1735 1212 2032 1292 nostram,
2095 1213 2171 1276 ut
2213 1231 2251 1276 a
2295 1212 2483 1276 verbo
2528 1211 2648 1276 Dei
2693 1210 2989 1276 secessio-

645 1337 789 1383 nem
834 1317 1082 1398 faceret,
1133 1317 1514 1399 susceperit?
1603 1318 1819 1401 Neque
1866 1337 1930 1381 se
1975 1318 2094 1382 hoc
2140 1318 2464 1383 consulere
2510 1318 2574 1381 et
2618 1317 2985 1400 approbare,

646 1426 722 1488 ut
766 1423 1016 1488 civilem
1063 1423 1433 1507 sanguinem
1471 1425 1693 1488 mutuo
1739 1423 2010 1488 fundant
2042 1426 2105 1488 et
2149 1424 2310 1488 alter
2353 1424 2422 1487 in
2469 1422 2740 1488 alterum
2785 1422 2988 1487 hosti-

645 1530 795 1595 liter
838 1530 1066 1612 irruat‚
1118 1531 1297 1612 pater
1340 1529 1548 1594 filium
1592 1533 1658 1595 et
1701 1530 1874 1594 filius
1919 1532 2191 1613 patrem,
2257 1530 2482 1595 fratres
2531 1529 2879 1613 reliquique
2925 1529 2992 1594 et

646 1635 1188 1719 consanguinitate
1235 1639 1298 1701 et
1343 1636 1653 1701 affinitate
1713 1636 1919 1701 iuncti
1966 1636 2333 1701 vulneribus
2394 1636 2635 1701 mutuis
2684 1656 2747 1700 sc
2794 1634 2989 1699 confi-

646 1742 835 1807 ciant.
907 1743 1043 1807 Sibi
1089 1743 1351 1825 proinde
1381 1743 1609 1807 utilius
1643 1742 1845 1808 videri
1890 1746 1953 1808 et
1998 1762 2142 1807 cum
2188 1744 2422 1826 pietate
2468 1742 2813 1807 christiana
2841 1760 2990 1806 con-

645 1868 886 1933 gruere,
934 1852 1011 1914 ut
1042 1849 1175 1914 sine
1222 1851 1471 1915 externo
1504 1852 1569 1914 et
1613 1849 1952 1932 potentiori
2001 1850 2255 1933 quidem
2301 1850 2618 1933 sequestro
2652 1847 2991 1912 dissidium

645 1956 764 2021 hoc
795 1958 1205 2039 componatur
1236 1958 1300 2021 et
1329 1956 1678 2037 concordia,
1727 1975 2096 2040 quacunque
2128 1957 2370 2020 ratione
2416 1955 2555 2020 fieri
2585 1956 2792 2038 queat,
2841 1973 2991 2018 con-

645 2062 915 2127 cilietur.
975 2060 1145 2139 Quae
1192 2062 1506 2127 sententia
1551 2062 1810 2145 quidem
1854 2063 2130 2127 consulis
2176 2062 2398 2127 multis
2446 2061 2794 2144 displicuit,
2844 2079 2993 2124 cum

643 2188 756 2251 per
801 2187 938 2233 eam
983 2168 1063 2233 ad
1108 2168 1263 2233 alios
1308 2169 1516 2233 motus
1584 2169 1834 2233 futuros
1894 2169 2289 2252 relinquatur
2351 2168 2616 2233 materia
2661 2167 2723 2232 et
2767 2168 2994 2231 mutua

646 2274 999 2357 suspicione
1066 2276 1491 2358 perpetuoque
1536 2278 1714 2340 metu
1759 2276 1911 2341 urbs
1981 2275 2295 2359 implicita
2352 2277 2659 2340 teneatur.
2753 2274 2995 2338 Tamen

646 2398 793 2446 cum
839 2400 912 2446 ex
957 2381 1165 2445 animo
1210 2381 1383 2446 visus
1446 2383 1543 2446 est
1585 2381 1712 2446 ista
1756 2381 1963 2446 dicere
2009 2384 2074 2446 et
2118 2382 2353 2464 Caspar
2397 2380 2780 2462 Iudefeldus,
2828 2379 2994 2444 alter

645 2487 1004 2571 consulum,
1054 2507 1126 2553 ea
1171 2487 1351 2573 quasi
1397 2488 1555 2553 bene
1601 2490 1666 2553 et
1711 2487 2051 2554 salubriter
2096 2488 2268 2554 dicta
2333 2489 2735 2572 approbaret,
2807 2505 2992 2552 nemo

644 2596 856 2660 tantae
890 2595 1284 2660 auctoritatis
1320 2595 1685 2661 consulibus
1717 2615 1906 2661 ausus
1939 2596 2064 2660 fuit
2096 2595 2536 2661 contradicere.
2595 2577 2993 2676 Responsum

646 2703 743 2766 est
786 2701 987 2785 igitur
1016 2701 1274 2785 legatis:
1321 2702 1831 2768 Transfluvianos
1866 2723 1903 2766 a
1932 2703 2277 2767 christiana
2323 2701 2671 2783 concordia,
2720 2701 2777 2765 si
2806 2699 2993 2765 bonis

647 2808 1115 2874 conditionibus
1184 2807 1336 2873 iniri
1404 2810 1619 2890 queat,
1690 2828 1815 2874 non
1882 2809 2232 2874 abhorrere.
2324 2807 2710 2890 Deliguntur
2776 2806 2995 2888 itaque

645 2915 943 2999 utrinque
975 2916 1300 3000 sequestri,
1350 2916 1580 3000 quibus
1613 2917 1750 2981 tota
1794 2936 1892 2981 res
1925 2915 2265 2980 decidenda
2310 2913 2748 2979 committitur.
2805 2911 2993 2977 Datis

647 3022 849 3107 igitur
893 3024 956 3086 et
1002 3022 1275 3104 acceptis
1343 3022 1640 3106 utrinque
1688 3022 2013 3087 obsidibus
2036 3026 2057 3060 ¹
2103 3020 2491 3104 captivisque
2549 3019 2848 3102 utrinque
2893 3036 2994 3081 re-

644 3128 867 3194 laxatis
916 3128 1117 3194 omnis
1149 3129 1572 3194 controversia
1601 3129 1695 3193 ita
1724 3128 1994 3211 tollitur,
2041 3130 2118 3192 ut
2149 3127 2471 3210 negotium
2510 3125 2660 3190 fidei
2689 3125 2994 3208 utrinque

648 3393 744 3448 der
777 3394 932 3448 Brief
963 3394 1171 3448 Evert’s
1194 3412 1245 3449 v.
1271 3393 1321 3449 d.
1348 3393 1525 3447 Recke
1561 3410 1634 3447 an
1671 3392 1774 3447 den
1810 3392 2025 3463 Herzog
2059 3409 2163 3445 von
2202 3391 2362 3446 Clevc
2401 3392 2498 3459 (M.
2536 3390 2690 3457 G.-Q.
2726 3389 2806 3458 II,
2843 3390 2995 3458 219).

647 3482 918 3537 Tilbcck’s
954 3483 1251 3538 Verbalten
1304 3484 1380 3537 ist
1416 3484 1605 3536 immor
1659 3481 2017 3536 schwankend
2054 3497 2313 3551 gewesen.
2387 3480 2514 3549 vgl.
2553 3481 2691 3533 oben
2735 3479 2788 3534 S.
2825 3479 2933 3533 490
2950 3478 2995 3534 f.

645 3570 731 3626 An
769 3573 919 3626 einer
954 3576 1202 3642 spatcren
1243 3571 1414 3625 Stelle
1455 3572 1531 3639 (S.
1569 3571 1661 3639 31)
1702 3574 1829 3641 sagt
1863 3571 1933 3626 H.
1972 3570 2339 3638 Gresbeck,
2377 3569 2604 3623 Tilbeck
2639 3567 2795 3622 hatte
2837 3568 2995 3634 „dem

645 3659 870 3730 bischop
907 3678 1011 3715 von
1046 3661 1289 3715 Monster
1343 3660 1628 3730 geholpen,
1684 3660 1782 3714 dat
1817 3659 1884 3714 de
1919 3662 2156 3713 ruetters
2192 3657 2304 3712 und
2339 3658 2542 3712 bueren
2596 3674 2771 3711 weren
2807 3658 2866 3711 in
2903 3657 2995 3712 die

647 3752 763 3804 stat
816 3749 1133 3820 gekhomen,
1190 3748 1303 3803 und
1338 3749 1447 3803 viel
1486 3749 1555 3803 do
1591 3765 1665 3819 up
1703 3748 1801 3803 dat
1836 3748 1973 3803 leste
2027 3748 2150 3802 dem
2184 3747 2408 3817 bischop
2446 3746 2508 3800 af
2556 3746 2668 3800 und
2703 3744 2884 3800 hielde
2921 3745 2995 3801 do

645 3840 752 3893 mit
786 3838 889 3894 den
926 3838 1398 3909 wiederdoepersf‘

863 3929 905 3996 ¹)
941 3928 1045 3981 Die
1069 3928 1124 3981 N
1126 3945 1281 3982 amen
1307 3926 1402 3982 der
1427 3926 1647 3981 Geiseln
1683 3926 1999 3980 iiberliefert
2033 3942 2133 3979 uns
2159 3942 2263 3979 nur
2297 3924 2395 3978 das
2426 3924 2782 3994 „Tagebuch“
2812 3921 2994 3978 a.a.O.

647 4015 702 4070 S.
743 4016 846 4069 104
865 4015 929 4071 f.:
983 4017 1088 4070 Die
1124 4016 1310 4071 Partei
1364 4016 1461 4069 der
1497 4014 1897 4069 Wiedertaufer
1944 4013 2056 4068 will
2099 4030 2253 4080 „vam
2288 4012 2585 4067 kerckhove
2632 4029 2729 4066 vor
2764 4010 2994 4082 giselers

645 4103 847 4173 keysen
902 4105 969 4158 dc
1006 4105 1228 4159 erbcren
1281 4103 1392 4158 und
1447 4120 1693 4158 ersamen
1745 4102 1911 4158 heren
1948 4102 2223 4157 Wilbrant
2257 4100 2526 4170 Ploniefs,
2580 4101 2995 4170 borgermester,

646 4191 920 4247 Her-menn
956 4193 1189 4262 Herden,
1227 4193 1462 4261 kemner,
1498 4193 1536 4247 J
1538 4193 1681 4247 ohan
1705 4191 2067 4246 Kerckerinck
2103 4207 2214 4261 upn
2250 4189 2646 4260 Bispinckhave
2682 4188 2793 4243 und
2828 4189 2998 4244 Evert

647 4280 850 4336 Ocken.
920 4282 1036 4336 Dar
1071 4285 1129 4336 to
1165 4283 1308 4337 hebn
1346 4282 1413 4336 de
1448 4298 1560 4351 upn
1597 4280 1895 4335 kerckhove
1930 4296 2106 4335 weron
2143 4279 2378 4349 gekoren
2413 4295 2509 4332 vor
2543 4278 2773 4349 giselere
2810 4276 2995 4333 Claess

646 4368 846 4440 Stripe,
885 4368 1068 4426 Glaess
1105 4370 1329 4442 Snyder‚
1364 4370 1575 4425 Berndt
1609 4369 1832 4425 Fickert
1866 4368 1978 4424 und
2013 4369 2180 4423 Evert
2216 4368 2545 4423 Gestemer.“
