3259 5075
1147 330 1329 396 Anno
1385 332 1554 396 1534
1600 332 1758 396 acta.
2495 332 2622 396 703

269 527 399 572 non
460 508 699 573 habens
764 510 1002 573 vestem
1069 507 1498 591 nuptialem?“
1593 507 1683 571 At
1726 506 1864 571 ille:
1914 526 1978 571 se
2025 506 2103 571 ad
2150 506 2405 589 nuptias
2465 506 2620 571 istas

271 630 418 677 suas
463 613 862 677 meretriceas
910 632 1033 677 non
1081 613 1425 678 invitatum
1456 612 1720 693 venisse,
1770 612 1879 678 sed
1909 612 2184 676 invitum
2229 611 2622 694 protractum

268 736 406 782 esse
425 721 466 782 ¹.
531 718 774 798 Quibus
822 719 1029 784 verbis
1075 739 1181 784 rex
1226 719 1627 784 vehementer
1671 720 2071 783 exacerbatus
2117 719 2331 800 ipsum
2375 737 2620 801 quoque

267 823 547 889 invitum
594 825 669 889 ad
720 845 784 889 se
838 825 1122 908 protrahi
1191 825 1369 891 iubet
1434 827 1954 908 protractumque
2024 825 2155 889 suis
2215 824 2505 889 manibus
2552 824 2618 889 in

270 934 612 1013 conspectu
658 932 943 995 omnium
1005 931 1340 996 decollavit
1385 933 1573 1014 atque
1634 931 1726 996 ita
1770 930 2002 1014 gaudia
2068 930 2327 1013 publica
2369 932 2620 1013 pertur-

270 1036 472 1119 bavit,
543 1039 620 1101 ut
672 1056 854 1102 nemo
925 1037 1237 1101 horrenda
1303 1037 1489 1102 caede
1536 1039 1614 1102 ob
1663 1037 1876 1102 oculos
1944 1038 2234 1102 versante
2292 1056 2365 1101 ex
2410 1035 2618 1100 animo

268 1142 590 1224 gauderet.
685 1144 827 1226 Ipse
872 1162 1017 1207 vero
1074 1143 1254 1225 quasi
1301 1162 1368 1207 re
1414 1144 1571 1207 bene
1618 1146 1684 1208 et
1726 1142 1977 1207 fortiter
2043 1146 2219 1225 gesta
2263 1142 2339 1206 ad
2388 1142 2620 1207 solium

269 1265 460 1311 suum
506 1248 962 1313 continuandae
995 1268 1218 1313 coenae
1265 1268 1452 1314 causa
1483 1268 1767 1314 reversus
1815 1249 1966 1314 adeo
2002 1249 2324 1331 voluptate
2355 1250 2419 1313 et
2463 1267 2620 1331 gau-

269 1351 375 1416 dio
421 1353 746 1434 titillatur,
797 1354 948 1418 adeo
996 1354 1121 1418 sibi
1168 1354 1392 1436 placet,
1442 1357 1517 1419 ut
1561 1374 1688 1418 non
1735 1355 1940 1420 solum
1986 1354 2063 1419 de
2109 1355 2231 1419 isto
2278 1354 2617 1419 homicidio

266 1459 568 1541 tanquam
615 1459 842 1524 eximio
889 1459 1054 1524 facto
1109 1459 1274 1524 inter
1321 1478 1465 1523 suos
1529 1459 1925 1542 gloriaretur,
1973 1479 2194 1524 verum
2239 1460 2432 1524 etiam
2477 1479 2618 1542 per-

267 1568 410 1629 acta
441 1584 629 1630 coena
673 1565 960 1648 tripudia
989 1567 1051 1629 et
1083 1565 1335 1630 choreas
1374 1584 1521 1630 cum
1567 1566 1830 1630 scenicis
1877 1566 2313 1631 meretricibus
2347 1567 2415 1630 in
2450 1565 2618 1630 mul-

268 1672 403 1734 tam
450 1673 697 1736 noctem
743 1671 1000 1737 duceret
1019 1672 1061 1736 ².
1126 1670 1373 1736 Interea
1419 1671 1531 1755 qui
1575 1671 1652 1736 ad
1701 1671 2266 1755 peregrinationem
2312 1670 2618 1754 evangelii

264 1777 659 1858 propagandi
704 1777 910 1860 gratia
941 1776 1168 1841 delecti
1215 1778 1413 1859 erant,
1462 1777 1675 1841 omnia
1703 1776 1784 1841 ad
1827 1776 2278 1859 profectionem
2310 1777 2618 1842 adornant

264 1881 687 1947 valedicentes
733 1882 1032 1947 uxoribus
1082 1882 1240 1964 suiS‚
1314 1901 1582 1966 quarum
1642 1885 1896 1947 centum
1942 1885 2007 1947 et
2049 1882 2282 1965 viginti
2348 1884 2619 1965 quatuor

266 1988 338 2051 in
370 1988 527 2052 urbe
574 1988 960 2072 relinquunt,
1012 1989 1179 2053 sicut
1222 1989 1536 2053 Henricus
1570 1988 1796 2054 Graess
1840 1988 2064 2071 Iburgi
2108 1990 2295 2072 atque
2326 1988 2438 2053 alii
2468 2008 2615 2071 cap-

264 2093 389 2158 tivi
434 2094 589 2159 fassi
636 2099 785 2160 sunt
803 2096 847 2161 ³.
908 2094 1064 2159 Inde
1095 2095 1173 2159 ad
1220 2096 1496 2160 montem
1529 2093 1753 2177 Syonis
1799 2095 2032 2159 reversi
2065 2114 2101 2159 a
2131 2115 2276 2178 rege
2321 2098 2614 2178 suggesto

265 2219 522 2265 ascenso
569 2200 670 2265 his
703 2200 910 2266 verbis
957 2200 1405 2265 admonentur:
1460 2201 1594 2281 „Ite
1625 2201 1691 2266 et
1735 2202 2097 2284 praeparate
2145 2201 2326 2267 nobis
2371 2202 2611 2266 locum!

265 2305 395 2370 Nos
442 2306 670 2371 armati
716 2306 1171 2390 subsequemur
1216 2308 1281 2372 et
1326 2308 1787 2390 contemptores
1833 2308 2073 2373 vestros
2121 2308 2285 2373 ferro
2331 2308 2616 2374 vindica-

265 2414 478 2478 bimus
548 2414 882 2499 gladioque
928 2415 1111 2480 nobis
1159 2414 1565 2480 subiicicmus
1582 2418 1671 2480 ⁴.“
1766 2416 1867 2480 Ita
1912 2434 1950 2479 a
1993 2433 2135 2498 rege
2179 2413 2614 2479 dimittuntur.

265 2519 350 2585 Et
417 2539 566 2585 cum
623 2541 745 2586 nox
806 2522 1141 2587 obscuram
1201 2521 1539 2606 caliginem
1606 2521 1983 2605 induxisset,
2048 2541 2087 2587 a
2137 2519 2330 2605 regiis
2390 2519 2616 2586 aulicis

484 2803 525 2870 ¹)
560 2803 688 2874 Vgl.
725 2803 785 2858 C.
822 2803 1224 2858 Heresbach
1278 2803 1332 2858 S.
1373 2804 1470 2857 22:
1522 2803 1666 2870 „Rex
1703 2804 2082 2858 accumbentes
2138 2803 2457 2857 circumiens
2494 2805 2616 2857 tan-

263 2891 389 2946 dem
427 2908 457 2945 e
491 2891 669 2946 medio
706 2891 1101 2963 apprehensum
1138 2892 1426 2961 quendam,
1463 2893 1635 2960 cuius,
1674 2895 1739 2946 ut
1773 2893 1890 2962 ipse
1926 2892 2225 2962 inquiebat,
2279 2908 2371 2945 cor
2405 2893 2615 2945 rectum

262 2995 374 3033 non
411 2984 553 3034 esset
588 2997 762 3051 neque
799 2985 949 3035 veste
999 2982 1250 3034 indutum
1287 2980 1541 3051 nuptiali,
1593 2997 1721 3035 ense
1757 2985 1924 3051 caput
1957 2977 2231 3050 αὐτοχειρὶ
2268 2980 2415 3049 ferit,
2470 2982 2615 3050 regis

264 3066 428 3120 simul
467 3072 525 3121 et
560 3069 829 3123 carnificis
864 3086 1087 3123 munere
1123 3069 1501 3139 perfimgms.“
1578 3069 1634 3121 N
1635 3068 1737 3122 ach
1771 3068 1841 3125 H.
1879 3070 2063 3138 Dorp
2110 3072 2266 3138 sagte
2301 3068 2399 3122 der
2433 3069 2617 3139 Konig

262 3171 333 3209 zu
370 3155 495 3210 dem
530 3156 960 3227 Landsknechte,
1002 3174 1094 3224 „er
1130 3173 1269 3212 were
1305 3157 1402 3211 der
1435 3156 1610 3211 Judas
1648 3158 1900 3227 gewest.“

480 3242 525 3313 ²)
559 3244 660 3299 Bei
697 3244 767 3299 H.
792 3244 840 3298 D
857 3262 977 3315 orp
1014 3244 1185 3299 heisst
1209 3261 1266 3299 es
1303 3261 1425 3298 vom
1449 3243 1664 3314 Konige
1688 3260 1816 3298 nur:
1861 3243 2145 3311 „Darnach
2182 3244 2308 3298 kam
2332 3260 2391 3299 er
2412 3243 2617 3299 widder

262 3347 334 3385 an
374 3331 478 3386 den
514 3331 657 3385 tisch
693 3331 803 3386 und
839 3331 1001 3401 gefiel
1048 3332 1135 3401 jm
1171 3331 1314 3387 solbs
1352 3349 1411 3386 so
1447 3330 1550 3386 wol
1605 3332 1741 3386 uber
1777 3331 1979 3386 diesem
2034 3331 2212 3401 mord,
2268 3330 2365 3386 das
2402 3348 2462 3386 er
2497 3333 2613 3386 sein

260 3420 403 3474 noch
440 3419 673 3474 lachet.“
717 3447 781 3457 —
821 3421 925 3475 Die
980 3420 1351 3491 Hinrichtung
1406 3421 1552 3476 eines
1588 3420 2031 3475 Landsknechtes
2087 3419 2256 3475 durch
2294 3420 2399 3475 den
2434 3421 2617 3491 Konig

261 3524 351 3563 am
389 3508 643 3563 Schlusse
679 3509 773 3564 des
811 3509 1000 3564 Festes
1036 3510 1307 3564 berichtet
1342 3510 1484 3564 auch
1520 3509 1589 3566 H.
1630 3508 1971 3564 Gresbeck
2014 3510 2068 3564 S.
2109 3510 2211 3563 113
2229 3509 2269 3566 f.

478 3596 524 3665 ⁸)
559 3596 627 3650 In
677 3596 782 3651 den
828 3597 977 3666 jetzt
1027 3597 1337 3652 bekannten
1394 3597 1820 3652 Gestandnissen
1876 3596 1972 3652 des
2022 3598 2091 3652 H.
2130 3597 2300 3653 Graes
2353 3596 2466 3651 und
2520 3596 2615 3652 der

264 3686 497 3755 iibrigen
534 3685 885 3755 Gesangenen
940 3686 1113 3740 findet
1167 3686 1286 3741 sich
1341 3686 1500 3741 dafiir
1552 3686 1681 3741 kein
1715 3684 1907 3756 Beleg.
1978 3685 2256 3742 Viclmehr
2310 3689 2436 3756 sagt
2488 3685 2524 3738 J
2526 3686 2615 3740 oh.

258 3772 503 3843 Klopriss
528 3790 626 3828 aus
666 3773 741 3842 (J.
766 3774 1059 3829 Niesert
1095 3792 1144 3829 a.
1161 3791 1211 3829 a.
1224 3774 1290 3830 Ο.
1316 3774 1372 3831 S.
1403 3774 1552 3842 121):
1595 3775 1739 3842 „Das
1765 3768 2107 3829 ussscfu’cken
2145 3774 2240 3829 der
2262 3773 2614 3844 predicanten

258 3877 399 3917 were
438 3861 526 3916 ein
560 3861 894 3916 wunderlich
931 3862 1290 3932 ussschicken,
1347 3862 1593 3917 dweill
1630 3879 1700 3917 es
1737 3865 1901 3918 inen
1950 3863 2018 3917 in
2056 3864 2255 3917 einer
2290 3879 2459 3917 uren
2497 3878 2612 3940 an·

259 3953 520 4020 gesagt
570 3950 819 4020 wardt‚
881 3951 1018 4005 und
1072 3953 1175 4006 sie
1230 3952 1536 4007 moisten
1590 3952 1765 4006 auch
1819 3952 1890 4006 in
1945 3951 2335 4007 derselben
2386 3950 2611 4006 urhen

256 4040 498 4093 reisen
532 4037 668 4092 und
704 4038 1089 4109 ussgehen.“
1166 4039 1240 4093 Er
1274 4039 1401 4110 fiigt
1434 4039 1627 4094 hinzn:
1671 4039 1862 4107 „Nach
1897 4039 2020 4098 dem
2056 4038 2385 4109 gehaltenen
2419 4038 2612 4093 nacht-

257 4125 414 4181 maill
448 4126 631 4182 wurde
658 4127 845 4196 jedem
883 4130 971 4182 ein
1007 4127 1171 4183 brieff
1202 4144 1459 4198 gegeven,
1497 4145 1563 4182 zu
1602 4128 1787 4183 zehen.
1859 4127 2037 4182 Also
2075 4144 2293 4199 zuegc
2329 4144 2402 4182 er
2436 4127 2611 4183 auch

257 4215 604 4271 anstundt
639 4217 734 4270 uss
770 4216 908 4270 und
945 4216 1228 4286 spreche
1265 4218 1417 4272 sein
1452 4217 1631 4273 weib
1669 4216 1803 4271 und
1837 4216 2083 4272 kinder
2118 4219 2228 4271 nit
2261 4217 2392 4272 an.“

474 4304 520 4373 ⁴)
556 4303 715 4358 Nach
770 4305 877 4358 den
912 4304 1195 4376 Aussagen
1250 4304 1345 4361 des
1382 4304 1451 4361 H.
1491 4303 1688 4373 Graes,
1742 4304 1841 4359 der
1873 4304 1979 4360 den
2015 4305 2199 4376 Konig
2250 4304 2391 4361 noch
2442 4320 2612 4376 sagen

254 4391 414 4448 latet:
458 4393 562 4460 „So
599 4391 796 4448 wollen
832 4394 930 4447 wir
965 4393 1055 4449 die
1091 4396 1328 4464 gantzen
1361 4392 1491 4449 welt
1528 4393 1860 4449 einnemen.“
