3259 5075
300 1216 331 1246 ⁸⁸
346 1234 401 1288 p.
436 1217 558 1272 569.

594 280 722 343 744
1448 282 1629 347 Anno
1685 285 1853 348 1534
1897 286 2052 349 acta.

591 457 759 520 orbis
829 454 1248 540 negligentiae
1310 478 1456 524 suae
1501 478 1690 524 causa
1733 461 1802 525 in
1847 461 2039 544 vitae,
2111 462 2465 529 animarum
2511 467 2574 529 et
2617 465 2926 530 bonorum

587 562 1060 646 irreparabilem
1130 564 1369 630 cladem
1416 559 1885 650 praecipitetur,
1953 567 2162 651 ipsum
2210 570 2515 635 exercitus
2560 574 2693 636 tam
2737 590 2924 656 eque-

588 671 746 733 stres
794 689 984 753 quam
1030 671 1343 753 pedestres
1390 685 1777 756 comparasse
1809 676 1871 739 et
1915 676 2308 759 quorundam
2355 678 2702 743 vicinorum
2745 680 2922 762 prin-

587 774 802 858 cipum
850 776 1180 859 praesidia‚
1231 780 1305 842 ut
1349 779 1416 843 in
1463 780 1865 862 Spirensibus
1912 785 1976 847 et
2019 783 2406 866 Augustanis
2454 785 2726 851 comitiis
2772 805 2919 849 con-

584 885 855 965 venerat,
903 884 986 948 ad
1030 885 1489 968 reprimendam
1536 887 1726 952 istam
1777 888 2169 972 impietatem
2214 892 2278 954 et
2323 891 2646 957 audaciam
2691 892 2920 975 implo-

583 1012 771 1075 rasse,
808 993 917 1077 qui
948 993 1448 1078 magnitudinem
1480 995 1670 1060 etiam
1701 997 2128 1080 periculorum
2157 997 2568 1081 expendentes
2599 998 2918 1082 ingentem

584 1100 993 1181 pecuniarum
1025 1120 1336 1166 summam
1366 1101 1491 1184 ipsi
1522 1102 1587 1166 in
1622 1106 1948 1186 sumptum
1978 1103 2134 1168 belli
2163 1103 2609 1186 mutuaverint,
2658 1104 2914 1185 milites,

583 1208 896 1271 tormenta
951 1206 1394 1290 pulveremque
1441 1208 1916 1286 bombardicum
1960 1207 2028 1272 in
2074 1207 2377 1274 auxilium
2423 1207 2919 1274 trans*miserint

582 1311 935 1378 certissima
992 1313 1246 1397 quidem
1294 1333 1402 1396 spe
1448 1314 1851 1379 rebellionem
1895 1315 2482 1380 Monasteriensium
2540 1316 2918 1381 retundendi

580 1421 644 1484 et
674 1439 786 1503 per
823 1420 1095 1503 gratiam
1126 1420 1406 1485 divinam
1437 1440 1538 1486 eos
1571 1421 1648 1486 ad
1696 1422 2032 1506 pristinam
2063 1422 2480 1488 obedientiam
2512 1423 2844 1488 revocandi
2863 1426 2914 1505 ¹3

582 1527 689 1591 sed
735 1526 899 1591 nihil
943 1525 1266 1611 hucusque
1313 1547 1456 1592 cum
1489 1527 1704 1593 fructu
1750 1530 1962 1593 actum
1993 1549 2144 1594 esse.
2209 1529 2480 1593 Proinde
2528 1530 2737 1612 ipsum
2768 1549 2916 1595 con-

579 1635 780 1699 tracto
827 1634 994 1699 bello
1040 1634 1105 1698 in
1154 1634 1594 1717 compendium
1664 1637 1903 1717 septem
1957 1638 2162 1700 castra
2205 1636 2388 1701 fossis
2458 1637 2915 1719 aggeribusque

579 1742 843 1822 munita,
895 1741 1125 1824 quibus
1174 1741 1440 1826 singulis
1487 1742 1975 1827 quingentorum
2019 1743 2300 1807 militum
2346 1743 2730 1826 praesidium
2750 1744 2775 1782 ²
2801 1743 2917 1807 ad-

576 1847 757 1911 iectis
818 1847 1196 1932 quibusdam
1257 1850 1544 1932 equitum
1589 1850 1818 1914 turmis
1889 1849 2254 1932 impositum
2304 1850 2413 1929 sit,
2462 1851 2538 1914 ut
2582 1849 2913 1932 oppidanis

579 1956 961 2019 commeatus
1028 1954 1570 2036 intercluderetur,
1644 1955 1882 2019 circum
1949 1956 2172 2020 urbem
2239 1955 2503 2020 erexisse
2556 1957 2621 2020 et
2679 1956 2914 2037 partim

578 2060 876 2126 dioecesis
925 2062 1301 2145 sumptibuS,
1350 2062 1585 2144 partim
1617 2064 1840 2127 mutua
1882 2062 2148 2145 pecunia
2192 2062 2260 2127 in
2292 2081 2527 2126 nonum
2573 2061 2703 2126 iam
2736 2082 2911 2126 men-

578 2186 710 2231 sem
757 2169 1138 2233 sustentasse
1186 2170 1249 2233 et
1294 2169 1465 2233 ultra
1510 2168 1739 2252 septies
1788 2171 2047 2234 centena
2090 2170 2465 2234 florenorum
2510 2168 2716 2233 millia
2761 2168 2913 2233 huic

577 2274 668 2338 rei
712 2274 1112 2357 impendisse,
1162 2295 1275 2340 nec
1305 2275 1513 2358 ipsum
1553 2275 1684 2340 iam
1713 2275 1955 2341 diutius
1987 2277 2100 2340 has
2130 2276 2446 2358 impensas
2478 2275 2612 2340 sine
2644 2275 2911 2340 aliorum

576 2381 807 2446 anxilio
854 2380 1124 2463 perferre
1168 2401 1346 2464 posse
1378 2400 1577 2464 neque
1608 2382 1835 2446 maiori
1879 2383 2101 2446 mutuo
2148 2380 2454 2463 superiori
2500 2381 2781 2445 nondum
2812 2401 2914 2446 so-

572 2488 710 2553 luto
757 2486 1069 2571 principes
1116 2487 1450 2571 degravare
1497 2487 1724 2553 audere
1741 2490 1784 2554 ⁸.
1848 2485 2052 2567 Quare
2098 2489 2319 2571 statuS,
2368 2488 2607 2573 legatos
2653 2490 2717 2554 et
2762 2507 2911 2554 con-

574 2594 845 2659 siliarios
893 2595 1288 2677 superiorum
1332 2595 1693 2678 principum
1726 2597 1789 2659 et
1834 2595 2296 2677 provinciarum
2342 2596 2558 2678 trium,
2606 2597 2913 2679 quotquot

574 2701 675 2765 his
710 2700 981 2765 comitiis
1028 2700 1340 2782 intersint,
1391 2720 1577 2766 suum
1606 2701 1959 2785 principem
1990 2720 2207 2784 rogare
2238 2705 2422 2785 atque
2454 2702 2792 2783 obsecrare,
2837 2704 2911 2767 ut

573 2806 949 2872 horrendam
994 2807 1155 2872 hanc
1203 2827 1455 2873 causam
1502 2809 1693 2873 simul
1739 2811 1803 2874 et
1846 2808 2263 2892 periculosam
2318 2809 2655 2893 diligenter
2700 2828 2911 2873 secum

573 2914 924 2997 expendant
965 2934 1165 2998 neque
1209 2934 1441 2979 novum
1498 2934 1764 2998 regnum
1809 2915 2146 2979 'Purcicum
2190 2916 2259 2979 in
2305 2915 2510 2980 medio
2579 2914 2911 2980 christiani

573 3021 741 3086 orbis
786 3022 1124 3086 coalescere
1156 3022 1366 3086 sinant
1382 3023 1426 3103 ⁴,
1477 3020 1583 3087 sed
1617 3022 1830 3086 subito
1876 3021 2222 3104 eximioque
2269 3022 2579 3105 praesidio
2613 3021 2737 3087 sibi
2769 3041 2910 3086 suc-

573 3130 829 3193 currant
873 3132 1059 3212 atque
1106 3130 1483 3194 subveniant
1500 3131 1544 3195 5.
1640 3129 1706 3194 Si
1754 3129 1921 3194 enim
1967 3129 2132 3194 illud
2177 3129 2464 3193 futurum
2509 3147 2634 3192 non
2682 3127 2794 3207 sit,
2843 3146 2909 3192 se

572 3234 872 3301 diuturno
921 3235 1085 3300 bello
1131 3235 1504 3300 exhaustum
1553 3238 1616 3300 et
1663 3236 1933 3301 fractum
1979 3237 2165 3300 rebus
2210 3234 2352 3299 istis
2399 3235 2641 3300 diutius
2689 3252 2908 3316 super-

570 3361 702 3406 esse
749 3361 875 3406 non
920 3360 1117 3424 posse.
1181 3341 1248 3406 Si
1294 3341 1448 3425 quid
1492 3341 1640 3405 inde
1686 3341 1839 3406 mali
1884 3343 1995 3406 aut
2039 3341 2418 3406 incommodi
2463 3340 2739 3405 Romano
2786 3339 2908 3403 im-

570 3448 741 3529 perio
789 3447 1130 3532 contingat,
1180 3448 1529 3531 principem
1576 3467 1763 3513 suum
1808 3449 2155 3532 purgatum
2200 3467 2332 3513 esse
2377 3446 2554 3512 velle.

785 3660 826 3727 ¹)
866 3660 1118 3715 Gemeint
1153 3662 1274 3715 sind
1311 3661 1397 3715 die
1422 3661 1834 3732 Hiilfsvertrage
1871 3661 1964 3716 des
1993 3662 2243 3716 Bischofs
2278 3661 2382 3714 mit
2417 3659 2538 3714 dem
2562 3659 2908 3714 Erzbischofe

570 3765 671 3802 von
709 3748 852 3803 Koln
901 3749 1011 3803 und
1049 3750 1170 3804 (16111
1205 3750 1449 3820 Herzoge
1485 3767 1591 3804 von
1628 3749 1790 3804 Cleve
1828 3767 1894 3804 zu
1930 3750 2073 3804 Koln
2127 3767 2215 3804 am
2255 3750 2302 3806 7.
2338 3750 2450 3803 Mai
2489 3749 2598 3803 und
2635 3751 2721 3803 20.
2757 3748 2906 3804 Juni.

568 3837 693 3906 vgl.
731 3839 867 3891 oben
906 3838 959 3893 S.
998 3840 1102 3892 592
1138 3839 1294 3895 Anm.
1331 3856 1384 3894 11.
1423 3840 1528 3894 600
1546 3839 1604 3893 ff.

784 3926 827 3995 ²)
865 3926 949 3981 Im
980 3927 1303 3982 Abschiede:
1346 3929 1561 3996 „sieben
1599 3927 1769 3982 fenlin
1806 3927 2265 3997 kriegsknechte.“

783 4014 827 4083 ³)
862 4014 948 4069 Im
973 4015 1296 4071 'Abschiede:
1341 4058 1386 4082 „.
1409 4058 1422 4071 .
1446 4057 1458 4069 .
1490 4033 1548 4071 so
1575 4033 1684 4070 wer
1720 4017 1823 4070 den
1849 4015 2004 4070 chur-
2040 4015 2151 4069 und
2188 4015 2412 4082 fursten,
2451 4015 2538 4069 die
2575 4032 2618 4070 s.
2644 4015 2683 4069 f.
2708 4032 2762 4085 g.
2802 4015 2906 4069 biss

569 4104 736 4158 anher
770 4103 898 4157 hilff
929 4104 1156 4174 geleyst,
1194 4103 1333 4158 hoch
1367 4104 1767 4172 beschwerlich,
1806 4109 1970 4159 etwas
2004 4103 2228 4158 weither
2264 4104 2427 4158 daruf
2458 4120 2523 4157 zu
2560 4102 2831 4158 wenden.“

781 4192 827 4261 ⁴)
864 4193 1056 4262 Neque
1078 4222 1143 4231 -—
1165 4195 1349 4249 sinant
1383 4194 1458 4248 ist
1482 4193 1676 4248 Zusatz
1703 4193 1945 4247 Kerss.'8.
1985 4222 2050 4230 -—
2090 4192 2135 4259 ⁶)
2171 4191 2256 4245 Im
2281 4192 2609 4247 Abschiede:
2654 4232 2700 4258 „.
2721 4232 2735 4246 .
2757 4231 2770 4244 .
2797 4192 2908 4247 und

569 4297 610 4335 s.
637 4280 674 4336 f.
702 4298 755 4350 g.
794 4283 901 4335 itzo
926 4283 1029 4335 mit
1053 4282 1201 4336 einer
1224 4282 1456 4352 ylenden
1494 4282 1604 4336 und
1644 4299 1709 4336 zu
1733 4281 2036 4352 kiinfftigen
2060 4285 2415 4352 wettertagen
2452 4283 2556 4336 mit
2585 4282 2735 4336 einer
2770 4284 2908 4336 stat-

569 4369 746 4424 lichen
783 4370 893 4424 und
927 4370 1272 4426 beharlichen
1310 4370 1438 4425 hilff
1478 4388 1543 4426 zu
1582 4375 1722 4426 trost
1760 4371 1868 4425 und
1905 4375 2095 4426 stewer
2131 4371 2426 4427 kommen.“
