3259 5075
1189 293 1372 359 Anno
1427 295 1597 359 1534
1645 298 1802 359 acta.
2534 295 2666 361 593

313 488 449 533 sese
496 471 761 552 armant,
811 489 1012 553 neque
1058 470 1413 553 quicquam,
1473 469 1639 553 quod
1689 469 1766 533 ad
1812 469 2203 552 repellendos
2249 470 2458 535 hostes
2504 470 2664 535 utile

311 576 525 639 visum
573 578 686 657 est,
736 576 1210 640 intermittitur.
1280 576 1409 641 Nec
1455 576 1755 640 dissimili
1802 575 2011 640 studio
2059 575 2242 640 miles
2288 577 2507 641 urbem
2554 596 2665 659 op-

310 683 715 763 pugnaturus
777 682 845 745 in
892 682 1185 745 omnibus
1253 681 1478 747 castris
1544 701 1607 746 se
1655 681 1922 745 instruit
1965 683 2030 745 et
2074 700 2110 745 a
2157 680 2426 746 ducibus
2494 682 2664 745 iura-

313 787 515 851 menti
583 788 876 871 praestiti
922 789 986 852 et
1031 787 1272 869 priscae
1340 786 1738 851 fortitudinis
1811 786 2201 851 admonetur.
2294 786 2426 869 Ipsi
2475 787 2664 851 etiam

309 893 638 975 proposita
683 893 928 977 opimae
976 910 1084 975 spe
1130 892 1394 976 praedae
1441 911 1505 956 se
1551 894 1774 957 mutuo
1822 891 2123 957 animant.
2188 893 2408 959 Geldri
2454 895 2666 958 autem

313 1017 440 1062 non
487 999 693 1063 solum
739 1000 948 1064 verbis
1016 999 1286 1081 mutuis,
1357 1018 1572 1062 verum
1623 998 1815 1063 etiam
1862 999 2307 1081 spumantibus
2353 1001 2417 1064 et
2460 998 2665 1081 plenis

315 1104 624 1169 calicibus
657 1105 859 1188 epotis
891 1105 1130 1170 animos
1178 1105 1303 1169 sibi
1335 1104 1694 1185 conciliant,
1745 1123 2079 1187 omnesque
2109 1105 2333 1169 mortis
2364 1106 2666 1169 terrorem

313 1210 491 1294 largo
537 1230 708 1276 111610
756 1210 1141 1295 cervisiaque
1172 1211 1504 1276 excutiunt
1549 1230 1675 1276 non
1719 1210 2148 1293 intelligentes
2176 1208 2426 1275 consilii
2471 1211 2666 1275 ratio-

313 1335 461 1380 nem
505 1316 607 1381 his
653 1317 938 1400 extingui
1006 1337 1207 1399 neque
1251 1316 1714 1398 fortitudinem,
1766 1317 1869 1381 sed
1920 1316 2248 1381 audaciam
2293 1336 2365 1381 36
2410 1317 2666 1382 temeri-

312 1424 510 1487 tatem
571 1424 807 1506 augeri.
900 1423 988 1489 Hi
1047 1424 1261 1508 itaque
1307 1443 1450 1488 cum
1499 1424 1670 1488 diem
1714 1424 1927 1488 Lunae
1988 1425 2197 1487 totum
2242 1423 2470 1507 pocula
2514 1441 2662 1488 con·
2689 1442 2758 1486 35.
2784 1439 2902 1486 nai.

313 1530 693 1594 trectassent
738 1532 804 1594 et
849 1532 982 1594 tam
1029 1532 1281 1595 strenue
1327 1530 1726 1613 potitassent,
1774 1532 1850 1594 ut
1895 1547 2097 1612 neque
2144 1528 2485 1594 discrimen
2532 1529 2665 1594 die-

311 1652 459 1698 rum
505 1654 703 1719 neque
749 1635 1094 1718 vespertini
1138 1653 1339 1718 neque
1385 1633 1689 1700 matutini
1756 1635 2058 1718 temporis
2118 1636 2426 1701 haberent
2470 1636 2664 1701 ratio-

311 1759 487 1821 nem,
559 1743 701 1805 ante
770 1742 920 1806 solis
968 1760 1258 1806 occasum
1328 1760 1437 1825 spe
1483 1741 1749 1824 praedae
1815 1741 2288 1825 praeripiendae
2334 1743 2399 1806 et
2455 1741 2663 1807 inanis

310 1846 551 1931 gloriae
597 1847 946 1931 cupiditate
991 1848 1269 1930 adducti,
1320 1847 1499 1913 cuius
1541 1850 1906 1932 appetentes
1952 1848 2237 1932 plerique
2283 1868 2417 1913 esse
2447 1848 2663 1913 existi-

309 1956 587 2035 mantur,
634 1954 881 2037 ingenti
927 1954 1200 2037 strepitu
1231 1956 1295 2019 et
1340 1954 1610 2020 clamore
1643 1955 1891 2019 sublato
1940 1953 2470 2038 oppugnationem
2517 1954 2661 2020 aliis

311 2060 535 2124 6331113
581 2060 1020 2143 133013311133
1065 2062 1466 2144 praetentant
1512 2063 1593 2142 et,
1645 2062 1953 2144 quantum
1999 2080 2111 2143 per
2142 2061 2510 2125 ebrietatem
2542 2058 2661 2124 *li-
2687 2076 2785 2148 *μ
2819 2077 2945 2134 498,

311 2165 466 2245 cuit,
515 2165 726 2248 armis,
801 2166 987 2230 scalis
1049 2167 1318 2250 aliisque
1376 2166 1689 2231 machinis
1736 2167 1958 2231 urbem
2006 2165 2381 2231 adoriuntur
2398 2169 2440 2230 ¹.
2533 2166 2661 2231 Ubi

306 2290 458 2336 vero
503 2271 882 2338 Geldrorum
927 2272 1313 2356 oppugnatio
1359 2291 1472 2353 per
1516 2272 1759 2356 reliqua
1803 2275 2009 2338 castra
2072 2272 2499 2354 nunciaretur,
2548 2272 2660 2336 ad-

306 2377 626 2442 mirantur
670 2378 952 2461 primum
997 2378 1166 2461 ipsos
1211 2378 1514 2461 temporis
1562 2378 1844 2444 decretae
1890 2379 2377 2463 oppugnationis
2426 2378 2657 2444 oblitos

307 2502 480 2564 esse3
528 2502 606 2548 116
636 2485 848 2549 13111611
880 2483 999 2548 3011
1044 2484 1521 2569 impressionem
1567 2485 1938 2568 sustineant,
1987 2505 2060 2551 ex
2092 2486 2385 2552 omnibus
2433 2485 2657 2552 castris

306 2590 610 2673 praesidii
657 2591 898 2656 ferendi
962 2590 1169 2674 gratia
1213 2590 1290 2655 fit
1351 2590 1645 2674 irruptio,
1694 2592 1758 2656 et
1802 2593 2153 2657 multorum
2199 2592 2654 2676 oppidanorum

306 2696 438 2762 tela
482 2697 550 2761 in
583 2716 646 2762 se
677 2716 923 2781 quoque
969 2700 1311 2779 provocant
1352 2698 1540 2780 atque
1584 2696 1679 2762 ita
1717 2696 2012 2763 hostilem
2058 2698 2370 2782 impetum
2402 2698 2657 2763 unitum

308 2801 777 2885 dispertiuntur
833 2805 897 2868 61
943 2802 1272 2885 dissipant.
1368 2802 1488 2868 Sed
1556 2803 1671 2867 ubi
1739 2823 1859 2868 nox
1925 2804 2393 2885 intervenisset,
2465 2804 2655 2869 duces

306 2907 591 2990 receptui
638 2910 876 2973 canunt
920 2909 985 2973 et
1029 2908 1110 2972 ad
1157 2909 1362 2973 633113
1422 2927 1566 2974 3303
1612 2909 1851 2975 milites
1913 2911 2282 2993 superstites
2341 2912 2654 2975 revocant.

305 3013 584 3078 Plurimi
629 3016 841 3079 autem
876 3033 1094 3080 eorum
1136 3014 1206 3078 in
1235 3015 1361 3080 ista
1404 3014 1815 3100 impressione
1860 3015 2045 3081 irrita
2075 3015 2414 3081 desiderati
2444 3019 2594 3081 sunt
2614 3018 2655 3099 ²,

525 3280 568 3348 ¹)
604 3280 740 3334 Dass
778 3280 867 3334 die
891 3280 1138 3335 Knechte
1176 3297 1274 3336 aus
1312 3281 1435 3335 dem
1461 3280 1813 3336 Geldrischen
1837 3281 2016 3350 Lager
2053 3279 2156 3335 den
2190 3281 2522 3351 vorzeitigen
2547 3280 2657 3334 An-

304 3371 479 3422 3131111
502 3373 716 3440 11331611
754 3369 866 3423 und
904 3369 1000 3424 das
1026 3369 1256 3424 Zeichen
1293 3387 1414 3424 zum
1450 3369 1808 3441 allgemeinen
1834 3369 2080 3441 Angriffe
2116 3369 2272 3424 nicht
2306 3370 2656 3437 abwarteten,

303 3456 578 3511 berichtet
628 3457 809 3512 Kerss.
848 3459 904 3511 in
941 3458 1510 3529 Uebereinstimmung
1563 3459 1667 3512 mit
1700 3458 1845 3513 Joh.
1884 3459 2256 3513 Fabricius
2292 3457 2657 3512 Bolandus

302 3544 392 3600 Bl.
430 3545 645 3601 M3vff.
718 3545 844 3615 vgl.
883 3545 1023 3600 auch
1058 3547 1125 3601 D.
1164 3546 1352 3602 Lilie
1389 3546 1442 3601 S.
1481 3547 1605 3601 233.
1680 3547 1745 3600 In
1784 3547 1906 3601 dem
1939 3547 2124 3602 Briefe
2167 3547 2262 3602 des
2297 3545 2548 3601 Bischofs
2585 3564 2655 3601 an

304 3633 393 3688 die
430 3634 742 3689 hessischen
779 3635 919 3690 Bate
955 3637 1013 3689 in
1049 3635 1244 3690 Kassel
1296 3652 1417 3690 vom
1455 3636 1540 3689 26.
1579 3635 1694 3689 Mai
1746 3634 1915 3690 heisst
1950 3653 2007 3690 63
2048 3637 2142 3704 (Μ.
2184 3635 2343 3702 (Et-Q.
2380 3635 2458 3704 H,
2495 3634 2652 3701 244):

307 3722 412 3788 „Es
450 3721 550 3776 hat
586 3722 701 3776 sich
727 3723 857 3777 3161
893 3726 1240 3793 3336113363,
1279 3722 1376 3778 das
1402 3723 1602 3778 etzlich
1639 3724 1941 3794 3611331163
1977 3723 2208 3779 knechte
2247 3728 2465 3795 gestem
2490 3723 2659 3778 nacht

299 3811 431 3865 umb
470 3811 558 3865 die
596 3811 676 3865 elf
708 3828 774 3865 31
809 3811 1280 3866 unversehentlich
1315 3811 1428 3866 und
1464 3813 1597 3867 uber
1620 3812 1727 3866 den
1752 3812 2013 3882 abscheit,
2048 3813 2334 3868 unbewust
2369 3814 2466 3868 der
2499 3813 2655 3867 uber·

299 3902 422 3953 sten
450 3898 899 3969 veltheuptleute‚
926 3899 1014 3953 die
1039 3903 1154 3954 stat
1177 3899 1504 3970 angefallen,
1540 3899 1653 3954 und
1679 3901 1754 3955 im
1779 3900 2022 3971 selbigen
2047 3900 2285 3955 anlauffe
2311 3901 2400 3955 die
2424 3901 2656 3956 lmechte

300 3986 470 4041 dorch
507 3987 594 4042 die
631 3987 861 4043 inhaber
896 3987 992 4042 der
1028 3991 1143 4042 stat
1175 3988 1378 4042 widder
1420 3988 1800 4059 abgeslagen.“

519 4075 562 4143 ²)
598 4076 712 4130 Das
739 4075 1030 4131 Schreiben
1058 4076 1152 4130 des
1176 4076 1425 4131 Bischofs
1463 4094 1533 4131 an
1558 4076 1647 4131 die
1676 4077 1985 4132 hessischcn
2011 4077 2151 4132 Bate
2188 4079 2246 4132 in
2272 4077 2463 4132 Kassel
2502 4078 2657 4148 giebt

298 4181 388 4233 an,
427 4164 548 4218 dass
586 4165 676 4218 die
713 4165 848 4219 Zahl
903 4164 1000 4219 der
1035 4164 1344 4235 gefallcnen
1398 4164 1510 4219 und
1546 4165 1926 4220 verwundeten
1963 4167 2210 4221 Knechte
2264 4167 2381 4222 sich
2417 4165 2517 4220 auf
2548 4167 2655 4222 200

295 4253 488 4321 belief,
526 4253 724 4307 ebenso
763 4255 850 4308 ein
886 4252 1044 4307 Brief
1087 4253 1183 4306 der
1217 4251 1519 4307 clevischen
1557 4253 1875 4324 Kricgsrate
1915 4255 2010 4322 (M.
2051 4255 2208 4321 G.-Q.
2246 4254 2323 4324 11,
2361 4254 2508 4321 243).
2582 4255 2652 4311 Η.

294 4341 479 4411 Dorp
515 4340 602 4395 Bl.
640 4340 785 4410 E3v,
829 4340 926 4395 der
960 4340 1065 4396 den
1101 4341 1287 4396 Sturm
1323 4356 1390 4394 zu
1425 4340 1711 4411 Pfingsten
1749 4358 1854 4396 nur
1889 4359 2027 4412 ganz
2065 4343 2194 4397 kurz
2231 4342 2472 4413 beriihrt,
2509 4349 2654 4414 3331,

2444 4454 2525 4516 14
