<?xml version="1.0" encoding="UTF-8"?>
<!DOCTYPE html PUBLIC "-//W3C//DTD XHTML 1.0 Transitional//EN"
    "http://www.w3.org/TR/xhtml1/DTD/xhtml1-transitional.dtd">
<html xmlns="http://www.w3.org/1999/xhtml" xml:lang="en" lang="en">
 <head>
  <title>
</title>
<meta http-equiv="Content-Type" content="text/html;charset=utf-8" />
  <meta name='ocr-system' content='tesseract 3.04.00' />
  <meta name='ocr-capabilities' content='ocr_page ocr_carea ocr_par ocr_line ocrx_word'/>
</head>
<body>
  <div class='ocr_page' id='page_1' title='image "./hermanniakersse00westgoog_0505.png"; bbox 0 0 3259 5075; ppageno 0'>
   <div class='ocr_carea' id='block_1_1' title="bbox 1121 309 2591 375">
    <p class='ocr_par' dir='ltr' id='par_1_1' title="bbox 1121 309 2591 375">
     <span class='ocr_line' id='line_1_1' title="bbox 1121 309 2591 375; baseline 0.001 -3"><span class='ocrx_word' id='word_1_1' title='bbox 1121 309 1303 372; x_wconf 89' lang='lat' dir='ltr'><strong>Anno</strong></span> <span class='ocrx_word' id='word_1_2' title='bbox 1359 310 1526 374; x_wconf 77' lang='lat'>1536</span> <span class='ocrx_word' id='word_1_3' title='bbox 1574 311 1730 374; x_wconf 80' lang='lat' dir='ltr'><strong>aeta.</strong></span> <span class='ocrx_word' id='word_1_4' title='bbox 2467 311 2591 375; x_wconf 68' lang='lat'><strong>881</strong></span> 
     </span>
    </p>
   </div>
   <div class='ocr_carea' id='block_1_2' title="bbox 240 483 2880 1930">
    <p class='ocr_par' dir='ltr' id='par_1_2' title="bbox 245 483 2598 868">
     <span class='ocr_line' id='line_1_2' title="bbox 247 483 2598 568; baseline 0.001 -20"><span class='ocrx_word' id='word_1_5' title='bbox 247 483 576 548; x_wconf 86' lang='lat' dir='ltr'>ordinibus</span> <span class='ocrx_word' id='word_1_6' title='bbox 622 484 814 549; x_wconf 89' lang='lat' dir='ltr'><strong>huius</strong></span> <span class='ocrx_word' id='word_1_7' title='bbox 848 483 1146 549; x_wconf 86' lang='lat' dir='ltr'><strong>dioecesis</strong></span> <span class='ocrx_word' id='word_1_8' title='bbox 1194 503 1305 568; x_wconf 90' lang='lat' dir='ltr'><strong>per</strong></span> <span class='ocrx_word' id='word_1_9' title='bbox 1344 485 1459 549; x_wconf 91' lang='lat' dir='ltr'><strong>has</strong></span> <span class='ocrx_word' id='word_1_10' title='bbox 1492 505 1684 550; x_wconf 84' lang='lat' dir='ltr'><strong>novas</strong></span> <span class='ocrx_word' id='word_1_11' title='bbox 1732 484 2213 549; x_wconf 76' lang='lat' dir='ltr'><strong>constitutiones</strong></span> <span class='ocrx_word' id='word_1_12' title='bbox 2260 484 2598 568; x_wconf 87' lang='lat' dir='ltr'><strong>quicquam</strong></span> 
     </span>
     <span class='ocr_line' id='line_1_3' title="bbox 246 590 2598 676; baseline 0 -22"><span class='ocrx_word' id='word_1_13' title='bbox 246 590 405 655; x_wconf 91' lang='lat' dir='ltr'><strong>iuris</strong></span> <span class='ocrx_word' id='word_1_14' title='bbox 470 591 750 673; x_wconf 81' lang='lat' dir='ltr'><strong>decedet,</strong></span> <span class='ocrx_word' id='word_1_15' title='bbox 823 594 1261 676; x_wconf 82' lang='lat' dir='ltr'><strong>praeterquam</strong></span> <span class='ocrx_word' id='word_1_16' title='bbox 1330 593 1490 676; x_wconf 87' lang='lat' dir='ltr'><strong>quod</strong></span> <span class='ocrx_word' id='word_1_17' title='bbox 1565 611 1678 675; x_wconf 90' lang='lat' dir='ltr'><strong>per</strong></span> <span class='ocrx_word' id='word_1_18' title='bbox 1745 590 2098 675; x_wconf 87' lang='lat' dir='ltr'><strong>principem</strong></span> <span class='ocrx_word' id='word_1_19' title='bbox 2144 593 2208 655; x_wconf 90' lang='lat' dir='ltr'><strong>et</strong></span> <span class='ocrx_word' id='word_1_20' title='bbox 2262 590 2598 659; x_wconf 87' lang='lat' dir='ltr'><strong>dioecesim</strong></span> 
     </span>
     <span class='ocr_line' id='line_1_4' title="bbox 246 696 2598 780; baseline 0 -20"><span class='ocrx_word' id='word_1_21' title='bbox 246 698 594 762; x_wconf 89' lang='lat' dir='ltr'><strong>necessario</strong></span> <span class='ocrx_word' id='word_1_22' title='bbox 641 698 707 761; x_wconf 92' lang='lat' dir='ltr'><strong>in</strong></span> <span class='ocrx_word' id='word_1_23' title='bbox 756 697 1043 763; x_wconf 86' lang='lat' dir='ltr'><strong>articulis</strong></span> <span class='ocrx_word' id='word_1_24' title='bbox 1075 697 1153 761; x_wconf 89' lang='lat' dir='ltr'><strong>ad</strong></span> <span class='ocrx_word' id='word_1_25' title='bbox 1202 697 1524 763; x_wconf 86' lang='lat' dir='ltr'><strong>civitatem</strong></span> <span class='ocrx_word' id='word_1_26' title='bbox 1568 697 2035 780; x_wconf 86' lang='lat' dir='ltr'><strong>pertinentibus</strong></span> <span class='ocrx_word' id='word_1_27' title='bbox 2082 696 2501 760; x_wconf 89' lang='lat' dir='ltr'><strong>constitutum</strong></span> <span class='ocrx_word' id='word_1_28' title='bbox 2533 699 2598 761; x_wconf 89' lang='lat' dir='ltr'><strong>et</strong></span> 
     </span>
     <span class='ocr_line' id='line_1_5' title="bbox 245 802 689 868; baseline 0.007 -3"><span class='ocrx_word' id='word_1_29' title='bbox 245 802 530 868; x_wconf 89' lang='lat' dir='ltr'><strong>decisum</strong></span> <span class='ocrx_word' id='word_1_30' title='bbox 577 805 689 868; x_wconf 90' lang='lat' dir='ltr'><strong>est.</strong></span> 
     </span>
    </p>

    <p class='ocr_par' dir='ltr' id='par_1_3' title="bbox 245 908 2880 1313">
     <span class='ocr_line' id='line_1_6' title="bbox 426 908 2880 997; baseline -0 -22"><span class='ocrx_word' id='word_1_31' title='bbox 426 908 570 975; x_wconf 68' lang='grc' dir='ltr'><strong>Ἰ’10.</strong></span> <span class='ocrx_word' id='word_1_32' title='bbox 635 910 702 975; x_wconf 86' lang='lat' dir='ltr'><strong>Si</strong></span> <span class='ocrx_word' id='word_1_33' title='bbox 747 912 1005 993; x_wconf 87' lang='lat' dir='ltr'><strong>propter</strong></span> <span class='ocrx_word' id='word_1_34' title='bbox 1065 910 1437 975; x_wconf 89' lang='lat' dir='ltr'><strong>seditionem</strong></span> <span class='ocrx_word' id='word_1_35' title='bbox 1483 912 1546 976; x_wconf 88' lang='lat' dir='ltr'><strong>et</strong></span> <span class='ocrx_word' id='word_1_36' title='bbox 1591 913 1837 975; x_wconf 90' lang='lat' dir='ltr'><strong>motum</strong></span> <span class='ocrx_word' id='word_1_37' title='bbox 1882 910 1950 974; x_wconf 91' lang='lat' dir='ltr'><strong>in</strong></span> <span class='ocrx_word' id='word_1_38' title='bbox 1996 910 2097 974; x_wconf 84' lang='lat' dir='ltr'><strong>vel</strong></span> <span class='ocrx_word' id='word_1_39' title='bbox 2157 911 2330 974; x_wconf 83' lang='lat' dir='ltr'><strong>extra</strong></span> <span class='ocrx_word' id='word_1_40' title='bbox 2374 911 2596 974; x_wconf 89' lang='lat' dir='ltr'><strong>urbem</strong></span> <span class='ocrx_word' id='word_1_41' title='bbox 2624 927 2719 997; x_wconf 66' lang='grc' dir='ltr'><strong>*μ</strong></span> <span class='ocrx_word' id='word_1_42' title='bbox 2757 928 2880 982; x_wconf 83' lang='lat'><strong>633.</strong></span> 
     </span>
     <span class='ocr_line' id='line_1_7' title="bbox 246 1015 2595 1099; baseline 0 -20"><span class='ocrx_word' id='word_1_43' title='bbox 246 1017 530 1079; x_wconf 86' lang='lat' dir='ltr'><strong>exortum</strong></span> <span class='ocrx_word' id='word_1_44' title='bbox 579 1016 994 1098; x_wconf 87' lang='lat' dir='ltr'><strong>amplioribus</strong></span> <span class='ocrx_word' id='word_1_45' title='bbox 1042 1016 1375 1099; x_wconf 83' lang='lat' dir='ltr'><strong>praesidiis</strong></span> <span class='ocrx_word' id='word_1_46' title='bbox 1397 1019 1418 1055; x_wconf 87' lang='lat'>¹</span> <span class='ocrx_word' id='word_1_47' title='bbox 1459 1036 1566 1082; x_wconf 84' lang='lat' dir='ltr'><strong>arx</strong></span> <span class='ocrx_word' id='word_1_48' title='bbox 1599 1035 1758 1099; x_wconf 88' lang='lat' dir='ltr'><strong>opus</strong></span> <span class='ocrx_word' id='word_1_49' title='bbox 1803 1016 2051 1098; x_wconf 89' lang='lat' dir='ltr'><strong>habeat,</strong></span> <span class='ocrx_word' id='word_1_50' title='bbox 2100 1015 2452 1098; x_wconf 85' lang='lat' dir='ltr'><strong>praefectus</strong></span> <span class='ocrx_word' id='word_1_51' title='bbox 2485 1018 2595 1080; x_wconf 89' lang='lat' dir='ltr'><strong>ab·</strong></span> 
     </span>
     <span class='ocr_line' id='line_1_8' title="bbox 246 1121 2596 1205; baseline 0 -20"><span class='ocrx_word' id='word_1_52' title='bbox 246 1124 420 1185; x_wconf 88' lang='lat' dir='ltr'><strong>sente</strong></span> <span class='ocrx_word' id='word_1_53' title='bbox 465 1122 750 1205; x_wconf 88' lang='lat' dir='ltr'><strong>principe</strong></span> <span class='ocrx_word' id='word_1_54' title='bbox 783 1142 820 1186; x_wconf 92' lang='lat' dir='ltr'><strong>a</strong></span> <span class='ocrx_word' id='word_1_55' title='bbox 851 1121 1118 1204; x_wconf 84' lang='lat' dir='ltr'><strong>satrapis</strong></span> <span class='ocrx_word' id='word_1_56' title='bbox 1150 1122 1449 1187; x_wconf 87' lang='lat' dir='ltr'><strong>dioecesis</strong></span> <span class='ocrx_word' id='word_1_57' title='bbox 1496 1122 1882 1205; x_wconf 86' lang='lat' dir='ltr'><strong>praesidium</strong></span> <span class='ocrx_word' id='word_1_58' title='bbox 1914 1121 1988 1185; x_wconf 92' lang='lat' dir='ltr'><strong>ad</strong></span> <span class='ocrx_word' id='word_1_59' title='bbox 2026 1140 2157 1185; x_wconf 90' lang='lat' dir='ltr'><strong>rem</strong></span> <span class='ocrx_word' id='word_1_60' title='bbox 2204 1123 2596 1204; x_wconf 88' lang='lat' dir='ltr'><strong>praesentem</strong></span> 
     </span>
     <span class='ocr_line' id='line_1_9' title="bbox 245 1228 1865 1313; baseline 0 -22"><span class='ocrx_word' id='word_1_61' title='bbox 245 1229 668 1293; x_wconf 87' lang='lat' dir='ltr'><strong>necessarium</strong></span> <span class='ocrx_word' id='word_1_62' title='bbox 713 1230 937 1313; x_wconf 84' lang='lat' dir='ltr'><strong>exiget,</strong></span> <span class='ocrx_word' id='word_1_63' title='bbox 987 1248 1100 1293; x_wconf 87' lang='lat' dir='ltr'><strong>nec</strong></span> <span class='ocrx_word' id='word_1_64' title='bbox 1148 1228 1273 1294; x_wconf 90' lang='lat' dir='ltr'><strong>sibi</strong></span> <span class='ocrx_word' id='word_1_65' title='bbox 1318 1229 1384 1292; x_wconf 91' lang='lat' dir='ltr'><strong>id</strong></span> <span class='ocrx_word' id='word_1_66' title='bbox 1433 1228 1865 1311; x_wconf 87' lang='lat' dir='ltr'><strong>denegabitur.</strong></span> 
     </span>
    </p>

    <p class='ocr_par' dir='ltr' id='par_1_4' title="bbox 240 1334 2628 1930">
     <span class='ocr_line' id='line_1_10' title="bbox 471 1334 2628 1419; baseline 0 -21"><span class='ocrx_word' id='word_1_67' title='bbox 471 1340 564 1399; x_wconf 77' lang='lat'><strong>11.</strong></span> <span class='ocrx_word' id='word_1_68' title='bbox 630 1334 861 1400; x_wconf 85' lang='lat' dir='ltr'><strong>Contra</strong></span> <span class='ocrx_word' id='word_1_69' title='bbox 927 1336 1081 1401; x_wconf 89' lang='lat' dir='ltr'><strong>haec</strong></span> <span class='ocrx_word' id='word_1_70' title='bbox 1127 1336 1338 1401; x_wconf 89' lang='lat' dir='ltr'><strong>omnia</strong></span> <span class='ocrx_word' id='word_1_71' title='bbox 1383 1355 1420 1400; x_wconf 97' lang='lat' dir='ltr'><strong>a</strong></span> <span class='ocrx_word' id='word_1_72' title='bbox 1466 1336 1753 1419; x_wconf 90' lang='lat' dir='ltr'><strong>principe</strong></span> <span class='ocrx_word' id='word_1_73' title='bbox 1800 1336 1866 1399; x_wconf 90' lang='lat' dir='ltr'><strong>et</strong></span> <span class='ocrx_word' id='word_1_74' title='bbox 1909 1335 2179 1399; x_wconf 89' lang='lat' dir='ltr'><strong>dioecesi</strong></span> <span class='ocrx_word' id='word_1_75' title='bbox 2249 1335 2628 1399; x_wconf 86' lang='lat' dir='ltr'><strong>constituta-</strong></span> 
     </span>
     <span class='ocr_line' id='line_1_11' title="bbox 245 1440 2595 1523; baseline 0 -21"><span class='ocrx_word' id='word_1_76' title='bbox 245 1441 310 1503; x_wconf 91' lang='lat' dir='ltr'><strong>et</strong></span> <span class='ocrx_word' id='word_1_77' title='bbox 355 1440 630 1521; x_wconf 86' lang='lat' dir='ltr'><strong>decreta,</strong></span> <span class='ocrx_word' id='word_1_78' title='bbox 686 1459 843 1523; x_wconf 89' lang='lat' dir='ltr'><strong>quae</strong></span> <span class='ocrx_word' id='word_1_79' title='bbox 890 1442 966 1506; x_wconf 90' lang='lat' dir='ltr'><strong>ad</strong></span> <span class='ocrx_word' id='word_1_80' title='bbox 1015 1442 1336 1506; x_wconf 88' lang='lat' dir='ltr'><strong>civitatem</strong></span> <span class='ocrx_word' id='word_1_81' title='bbox 1386 1441 1941 1506; x_wconf 90' lang='lat' dir='ltr'><strong>Monasteriensem</strong></span> <span class='ocrx_word' id='word_1_82' title='bbox 1987 1440 2331 1523; x_wconf 86' lang='lat' dir='ltr'><strong>pertinent,</strong></span> <span class='ocrx_word' id='word_1_83' title='bbox 2394 1459 2595 1523; x_wconf 89' lang='lat' dir='ltr'><strong>neque</strong></span> 
     </span>
     <span class='ocr_line' id='line_1_12' title="bbox 243 1545 2596 1631; baseline 0 -22"><span class='ocrx_word' id='word_1_84' title='bbox 243 1547 529 1610; x_wconf 88' lang='lat' dir='ltr'><strong>consules</strong></span> <span class='ocrx_word' id='word_1_85' title='bbox 575 1566 775 1630; x_wconf 89' lang='lat' dir='ltr'><strong>neque</strong></span> <span class='ocrx_word' id='word_1_86' title='bbox 811 1549 1063 1611; x_wconf 88' lang='lat' dir='ltr'><strong>senatus</strong></span> <span class='ocrx_word' id='word_1_87' title='bbox 1110 1567 1310 1631; x_wconf 89' lang='lat' dir='ltr'><strong>neque</strong></span> <span class='ocrx_word' id='word_1_88' title='bbox 1345 1548 1510 1613; x_wconf 86' lang='lat' dir='ltr'><strong>cives</strong></span> <span class='ocrx_word' id='word_1_89' title='bbox 1558 1548 1874 1612; x_wconf 84' lang='lat' dir='ltr'><strong>incolaeve</strong></span> <span class='ocrx_word' id='word_1_90' title='bbox 1922 1548 2039 1611; x_wconf 91' lang='lat' dir='ltr'><strong>sub</strong></span> <span class='ocrx_word' id='word_1_91' title='bbox 2085 1565 2284 1629; x_wconf 91' lang='lat' dir='ltr'><strong>poena</strong></span> <span class='ocrx_word' id='word_1_92' title='bbox 2328 1545 2596 1629; x_wconf 89' lang='lat' dir='ltr'><strong>periurii</strong></span> 
     </span>
     <span class='ocr_line' id='line_1_13' title="bbox 244 1652 2597 1737; baseline 0 -21"><span class='ocrx_word' id='word_1_93' title='bbox 244 1653 309 1716; x_wconf 88' lang='lat' dir='ltr'><strong>et</strong></span> <span class='ocrx_word' id='word_1_94' title='bbox 353 1652 570 1717; x_wconf 89' lang='lat' dir='ltr'><strong>ultimi</strong></span> <span class='ocrx_word' id='word_1_95' title='bbox 617 1653 920 1735; x_wconf 89' lang='lat' dir='ltr'><strong>supplicii</strong></span> <span class='ocrx_word' id='word_1_96' title='bbox 965 1654 1305 1737; x_wconf 89' lang='lat' dir='ltr'><strong>quicquam</strong></span> <span class='ocrx_word' id='word_1_97' title='bbox 1336 1656 1646 1719; x_wconf 86' lang='lat' dir='ltr'><strong>attentare</strong></span> <span class='ocrx_word' id='word_1_98' title='bbox 1693 1656 2098 1737; x_wconf 88' lang='lat' dir='ltr'><strong>praesument</strong></span> <span class='ocrx_word' id='word_1_99' title='bbox 2142 1654 2253 1717; x_wconf 88' lang='lat' dir='ltr'><strong>aut</strong></span> <span class='ocrx_word' id='word_1_100' title='bbox 2294 1653 2597 1717; x_wconf 89' lang='lat' dir='ltr'><strong>attentari</strong></span> 
     </span>
     <span class='ocr_line' id='line_1_14' title="bbox 244 1758 2595 1843; baseline -0 -20"><span class='ocrx_word' id='word_1_101' title='bbox 244 1759 380 1823; x_wconf 90' lang='lat' dir='ltr'><strong>sine</strong></span> <span class='ocrx_word' id='word_1_102' title='bbox 427 1760 802 1824; x_wconf 88' lang='lat' dir='ltr'><strong>auctoritate</strong></span> <span class='ocrx_word' id='word_1_103' title='bbox 849 1764 913 1825; x_wconf 89' lang='lat' dir='ltr'><strong>et</strong></span> <span class='ocrx_word' id='word_1_104' title='bbox 958 1780 1263 1825; x_wconf 89' lang='lat' dir='ltr'><strong>consensu</strong></span> <span class='ocrx_word' id='word_1_105' title='bbox 1330 1760 1635 1843; x_wconf 89' lang='lat' dir='ltr'><strong>principis</strong></span> <span class='ocrx_word' id='word_1_106' title='bbox 1705 1760 2025 1842; x_wconf 88' lang='lat' dir='ltr'><strong>totiusque</strong></span> <span class='ocrx_word' id='word_1_107' title='bbox 2090 1758 2390 1823; x_wconf 88' lang='lat' dir='ltr'><strong>dioecesis</strong></span> <span class='ocrx_word' id='word_1_108' title='bbox 2452 1777 2595 1841; x_wconf 92' lang='lat' dir='ltr'><strong>per-</strong></span> 
     </span>
     <span class='ocr_line' id='line_1_15' title="bbox 240 1866 562 1930; baseline 0.006 -2"><span class='ocrx_word' id='word_1_109' title='bbox 240 1866 562 1930; x_wconf 87' lang='lat' dir='ltr'><strong>mittent.“</strong></span> 
     </span>
    </p>
   </div>
   <div class='ocr_carea' id='block_1_3' title="bbox 236 2041 2870 3632">
    <p class='ocr_par' dir='ltr' id='par_1_5' title="bbox 370 2041 2459 2215">
     <span class='ocr_line' id='line_1_16' title="bbox 370 2041 2459 2128; baseline 0 -24"><span class='ocrx_word' id='word_1_110' title='bbox 370 2041 646 2107; x_wconf 87' lang='lat' dir='ltr'><strong>Articuli</strong></span> <span class='ocrx_word' id='word_1_111' title='bbox 691 2044 843 2107; x_wconf 90' lang='lat' dir='ltr'><strong>boni</strong></span> <span class='ocrx_word' id='word_1_112' title='bbox 890 2044 1217 2128; x_wconf 87' lang='lat' dir='ltr'><strong>regiminis</strong></span> <span class='ocrx_word' id='word_1_113' title='bbox 1266 2046 1330 2109; x_wconf 90' lang='lat' dir='ltr'><strong>et</strong></span> <span class='ocrx_word' id='word_1_114' title='bbox 1375 2045 1672 2128; x_wconf 87' lang='lat' dir='ltr'><strong>politicae</strong></span> <span class='ocrx_word' id='word_1_115' title='bbox 1719 2041 2134 2110; x_wconf 88' lang='lat' dir='ltr'><strong>ordinationis</strong></span> <span class='ocrx_word' id='word_1_116' title='bbox 2180 2041 2459 2105; x_wconf 86' lang='lat' dir='ltr'><strong>civitatis</strong></span> 
     </span>
     <span class='ocr_line' id='line_1_17' title="bbox 1136 2150 1706 2215; baseline 0.002 -1"><span class='ocrx_word' id='word_1_117' title='bbox 1136 2150 1644 2215; x_wconf 88' lang='lat' dir='ltr'><strong>Monasteriensis</strong></span> <span class='ocrx_word' id='word_1_118' title='bbox 1666 2152 1706 2215; x_wconf 75' lang='lat'><strong>².</strong></span> 
     </span>
    </p>

    <p class='ocr_par' dir='ltr' id='par_1_6' title="bbox 236 2272 2870 3524">
     <span class='ocr_line' id='line_1_18' title="bbox 461 2272 2593 2355; baseline 0 -19"><span class='ocrx_word' id='word_1_119' title='bbox 461 2273 598 2354; x_wconf 85' lang='lat' dir='ltr'><strong>„Ad</strong></span> <span class='ocrx_word' id='word_1_120' title='bbox 641 2273 999 2339; x_wconf 83' lang='lat' dir='ltr'><strong>evitandam</strong></span> <span class='ocrx_word' id='word_1_121' title='bbox 1043 2275 1327 2339; x_wconf 86' lang='lat' dir='ltr'><strong>futuram</strong></span> <span class='ocrx_word' id='word_1_122' title='bbox 1361 2275 1735 2340; x_wconf 89' lang='lat' dir='ltr'><strong>seditionem</strong></span> <span class='ocrx_word' id='word_1_123' title='bbox 1764 2276 1827 2340; x_wconf 89' lang='lat' dir='ltr'><strong>et</strong></span> <span class='ocrx_word' id='word_1_124' title='bbox 1873 2272 2382 2353; x_wconf 88' lang='lat' dir='ltr'><strong>inobedientiam,</strong></span> <span class='ocrx_word' id='word_1_125' title='bbox 2432 2291 2593 2355; x_wconf 90' lang='lat' dir='ltr'><strong>quae</strong></span> 
     </span>
     <span class='ocr_line' id='line_1_19' title="bbox 241 2376 2594 2464; baseline 0.001 -23"><span class='ocrx_word' id='word_1_126' title='bbox 241 2378 410 2442; x_wconf 90' lang='lat' dir='ltr'><strong>Deus</strong></span> <span class='ocrx_word' id='word_1_127' title='bbox 459 2376 798 2445; x_wconf 87' lang='lat' dir='ltr'><strong>clementer</strong></span> <span class='ocrx_word' id='word_1_128' title='bbox 843 2383 1103 2464; x_wconf 86' lang='lat' dir='ltr'><strong>avertat,</strong></span> <span class='ocrx_word' id='word_1_129' title='bbox 1154 2385 1218 2446; x_wconf 86' lang='lat' dir='ltr'><strong>et</strong></span> <span class='ocrx_word' id='word_1_130' title='bbox 1265 2382 1693 2463; x_wconf 84' lang='lat' dir='ltr'><strong>revocandam,</strong></span> <span class='ocrx_word' id='word_1_131' title='bbox 1745 2381 2305 2447; x_wconf 86' lang='lat' dir='ltr'><strong>constabiliendam</strong></span> <span class='ocrx_word' id='word_1_132' title='bbox 2337 2399 2408 2444; x_wconf 89' lang='lat' dir='ltr'><strong>ac</strong></span> <span class='ocrx_word' id='word_1_133' title='bbox 2441 2377 2594 2443; x_wconf 90' lang='lat' dir='ltr'><strong>reti-</strong></span> 
     </span>
     <span class='ocr_line' id='line_1_20' title="bbox 240 2484 2593 2572; baseline 0.001 -25"><span class='ocrx_word' id='word_1_134' title='bbox 240 2484 512 2549; x_wconf 88' lang='lat' dir='ltr'><strong>nendam</strong></span> <span class='ocrx_word' id='word_1_135' title='bbox 574 2504 819 2569; x_wconf 85' lang='lat' dir='ltr'><strong>pacem,</strong></span> <span class='ocrx_word' id='word_1_136' title='bbox 891 2486 1313 2553; x_wconf 88' lang='lat' dir='ltr'><strong>obedientiam</strong></span> <span class='ocrx_word' id='word_1_137' title='bbox 1374 2487 2029 2572; x_wconf 82' lang='lat' dir='ltr'><strong>tranquillitatemque</strong></span> <span class='ocrx_word' id='word_1_138' title='bbox 2096 2487 2264 2553; x_wconf 88' lang='lat' dir='ltr'><strong>inter</strong></span> <span class='ocrx_word' id='word_1_139' title='bbox 2310 2486 2474 2551; x_wconf 82' lang='lat' dir='ltr'><strong>cives</strong></span> <span class='ocrx_word' id='word_1_140' title='bbox 2521 2504 2593 2550; x_wconf 89' lang='lat' dir='ltr'><strong>ac</strong></span> 
     </span>
     <span class='ocr_line' id='line_1_21' title="bbox 240 2589 2593 2676; baseline 0.001 -23"><span class='ocrx_word' id='word_1_141' title='bbox 240 2589 475 2655; x_wconf 89' lang='lat' dir='ltr'><strong>incolas</strong></span> <span class='ocrx_word' id='word_1_142' title='bbox 523 2592 802 2656; x_wconf 86' lang='lat' dir='ltr'><strong>civitatis</strong></span> <span class='ocrx_word' id='word_1_143' title='bbox 850 2595 1393 2676; x_wconf 86' lang='lat' dir='ltr'><strong>Monasteriensis,</strong></span> <span class='ocrx_word' id='word_1_144' title='bbox 1464 2595 1544 2660; x_wconf 89' lang='lat' dir='ltr'><strong>ad</strong></span> <span class='ocrx_word' id='word_1_145' title='bbox 1590 2595 2127 2660; x_wconf 83' lang='lat' dir='ltr'><strong>conservationem</strong></span> <span class='ocrx_word' id='word_1_146' title='bbox 2193 2593 2474 2658; x_wconf 89' lang='lat' dir='ltr'><strong>eiusdem</strong></span> <span class='ocrx_word' id='word_1_147' title='bbox 2521 2611 2593 2657; x_wconf 85' lang='lat' dir='ltr'><strong>ac</strong></span> 
     </span>
     <span class='ocr_line' id='line_1_22' title="bbox 241 2697 2591 2784; baseline 0 -23"><span class='ocrx_word' id='word_1_148' title='bbox 241 2697 510 2762; x_wconf 87' lang='lat' dir='ltr'><strong>salutem</strong></span> <span class='ocrx_word' id='word_1_149' title='bbox 557 2698 754 2762; x_wconf 88' lang='lat' dir='ltr'><strong>totius</strong></span> <span class='ocrx_word' id='word_1_150' title='bbox 802 2699 1120 2780; x_wconf 82' lang='lat' dir='ltr'><strong>dioecesiS,</strong></span> <span class='ocrx_word' id='word_1_151' title='bbox 1171 2704 1365 2784; x_wconf 88' lang='lat' dir='ltr'><strong>utque</strong></span> <span class='ocrx_word' id='word_1_152' title='bbox 1410 2701 1563 2766; x_wconf 89' lang='lat' dir='ltr'><strong>boni</strong></span> <span class='ocrx_word' id='word_1_153' title='bbox 1606 2702 1874 2765; x_wconf 86' lang='lat' dir='ltr'><strong>tutiores</strong></span> <span class='ocrx_word' id='word_1_154' title='bbox 1922 2701 2053 2766; x_wconf 89' lang='lat' dir='ltr'><strong>sint</strong></span> <span class='ocrx_word' id='word_1_155' title='bbox 2098 2704 2162 2764; x_wconf 88' lang='lat' dir='ltr'><strong>et</strong></span> <span class='ocrx_word' id='word_1_156' title='bbox 2206 2700 2285 2763; x_wconf 89' lang='lat' dir='ltr'><strong>ab</strong></span> <span class='ocrx_word' id='word_1_157' title='bbox 2334 2717 2591 2782; x_wconf 88' lang='lat' dir='ltr'><strong>oppres-</strong></span> 
     </span>
     <span class='ocr_line' id='line_1_23' title="bbox 241 2803 2589 2888; baseline 0.001 -22"><span class='ocrx_word' id='word_1_158' title='bbox 241 2803 412 2867; x_wconf 89' lang='lat' dir='ltr'><strong>sione</strong></span> <span class='ocrx_word' id='word_1_159' title='bbox 474 2804 785 2868; x_wconf 90' lang='lat' dir='ltr'><strong>malorum</strong></span> <span class='ocrx_word' id='word_1_160' title='bbox 832 2804 1247 2870; x_wconf 88' lang='lat' dir='ltr'><strong>defendantur</strong></span> <span class='ocrx_word' id='word_1_161' title='bbox 1292 2809 1357 2870; x_wconf 86' lang='lat' dir='ltr'><strong>et</strong></span> <span class='ocrx_word' id='word_1_162' title='bbox 1402 2806 1626 2870; x_wconf 84' lang='lat' dir='ltr'><strong>civitas</strong></span> <span class='ocrx_word' id='word_1_163' title='bbox 1690 2805 1952 2888; x_wconf 86' lang='lat' dir='ltr'><strong>posthac</strong></span> <span class='ocrx_word' id='word_1_164' title='bbox 1997 2805 2214 2868; x_wconf 85' lang='lat' dir='ltr'><strong>divina</strong></span> <span class='ocrx_word' id='word_1_165' title='bbox 2273 2804 2479 2887; x_wconf 90' lang='lat' dir='ltr'><strong>gratia</strong></span> <span class='ocrx_word' id='word_1_166' title='bbox 2526 2807 2589 2868; x_wconf 90' lang='lat' dir='ltr'><strong>et</strong></span> 
     </span>
     <span class='ocr_line' id='line_1_24' title="bbox 238 2909 2587 2993; baseline 0 -21"><span class='ocrx_word' id='word_1_167' title='bbox 238 2909 629 2993; x_wconf 86' lang='lat' dir='ltr'><strong>benignitate</strong></span> <span class='ocrx_word' id='word_1_168' title='bbox 675 2910 793 2974; x_wconf 90' lang='lat' dir='ltr'><strong>hoc</strong></span> <span class='ocrx_word' id='word_1_169' title='bbox 826 2911 1093 2975; x_wconf 82' lang='lat' dir='ltr'><strong>maxime</strong></span> <span class='ocrx_word' id='word_1_170' title='bbox 1139 2911 1672 2976; x_wconf 85' lang='lat' dir='ltr'><strong>exulceratissimo</strong></span> <span class='ocrx_word' id='word_1_171' title='bbox 1719 2931 1790 2975; x_wconf 85' lang='lat' dir='ltr'><strong>ac</strong></span> <span class='ocrx_word' id='word_1_172' title='bbox 1822 2909 2405 2975; x_wconf 88' lang='lat' dir='ltr'><strong>fraudulentissimo</strong></span> <span class='ocrx_word' id='word_1_173' title='bbox 2453 2928 2587 2974; x_wconf 90' lang='lat' dir='ltr'><strong>sae-</strong></span> 
     </span>
     <span class='ocr_line' id='line_1_25' title="bbox 238 3015 2587 3101; baseline -0.001 -21"><span class='ocrx_word' id='word_1_174' title='bbox 238 3016 382 3080; x_wconf 88' lang='lat' dir='ltr'><strong>culo</strong></span> <span class='ocrx_word' id='word_1_175' title='bbox 444 3016 511 3080; x_wconf 92' lang='lat' dir='ltr'><strong>in</strong></span> <span class='ocrx_word' id='word_1_176' title='bbox 557 3036 707 3099; x_wconf 86' lang='lat' dir='ltr'><strong>pace</strong></span> <span class='ocrx_word' id='word_1_177' title='bbox 753 3018 816 3081; x_wconf 94' lang='lat' dir='ltr'><strong>et</strong></span> <span class='ocrx_word' id='word_1_178' title='bbox 875 3018 1339 3101; x_wconf 87' lang='lat' dir='ltr'><strong>tranquillitate</strong></span> <span class='ocrx_word' id='word_1_179' title='bbox 1385 3019 1449 3081; x_wconf 90' lang='lat' dir='ltr'><strong>et</strong></span> <span class='ocrx_word' id='word_1_180' title='bbox 1494 3017 1733 3100; x_wconf 91' lang='lat' dir='ltr'><strong>optimo</strong></span> <span class='ocrx_word' id='word_1_181' title='bbox 1795 3018 1966 3081; x_wconf 89' lang='lat' dir='ltr'><strong>statu</strong></span> <span class='ocrx_word' id='word_1_182' title='bbox 2033 3015 2261 3080; x_wconf 89' lang='lat' dir='ltr'><strong>melius</strong></span> <span class='ocrx_word' id='word_1_183' title='bbox 2323 3034 2394 3078; x_wconf 91' lang='lat' dir='ltr'><strong>ac</strong></span> <span class='ocrx_word' id='word_1_184' title='bbox 2440 3034 2587 3079; x_wconf 91' lang='grc'>9011-</span> 
     </span>
     <span class='ocr_line' id='line_1_26' title="bbox 239 3120 2586 3205; baseline -0 -20"><span class='ocrx_word' id='word_1_185' title='bbox 239 3122 511 3187; x_wconf 87' lang='lat' dir='ltr'><strong>stantius</strong></span> <span class='ocrx_word' id='word_1_186' title='bbox 545 3125 965 3204; x_wconf 86' lang='lat' dir='ltr'><strong>conservetur,</strong></span> <span class='ocrx_word' id='word_1_187' title='bbox 1001 3123 1286 3188; x_wconf 88' lang='lat' dir='ltr'><strong>unanimi</strong></span> <span class='ocrx_word' id='word_1_188' title='bbox 1319 3123 1579 3188; x_wconf 88' lang='lat' dir='ltr'><strong>consilio</strong></span> <span class='ocrx_word' id='word_1_189' title='bbox 1612 3121 1918 3205; x_wconf 89' lang='lat' dir='ltr'><strong>principis</strong></span> <span class='ocrx_word' id='word_1_190' title='bbox 1951 3125 2015 3186; x_wconf 85' lang='lat' dir='ltr'><strong>et</strong></span> <span class='ocrx_word' id='word_1_191' title='bbox 2047 3120 2345 3187; x_wconf 89' lang='lat' dir='ltr'><strong>dioecesis</strong></span> <span class='ocrx_word' id='word_1_192' title='bbox 2380 3122 2586 3185; x_wconf 87' lang='lat' dir='ltr'><strong>struc-</strong></span> 
     </span>
     <span class='ocr_line' id='line_1_27' title="bbox 236 3226 2585 3314; baseline 0 -23"><span class='ocrx_word' id='word_1_193' title='bbox 236 3228 383 3291; x_wconf 87' lang='lat' dir='ltr'><strong>tura</strong></span> <span class='ocrx_word' id='word_1_194' title='bbox 429 3228 590 3292; x_wconf 87' lang='lat' dir='ltr'><strong>arcis</strong></span> <span class='ocrx_word' id='word_1_195' title='bbox 661 3248 770 3292; x_wconf 88' lang='lat' dir='ltr'><strong>seu</strong></span> <span class='ocrx_word' id='word_1_196' title='bbox 817 3231 1279 3314; x_wconf 89' lang='lat' dir='ltr'><strong>propugnaculi</strong></span> <span class='ocrx_word' id='word_1_197' title='bbox 1325 3232 1422 3295; x_wconf 86' lang='lat' dir='ltr'><strong>est</strong></span> <span class='ocrx_word' id='word_1_198' title='bbox 1467 3230 1733 3295; x_wconf 88' lang='lat' dir='ltr'><strong>decreta.</strong></span> <span class='ocrx_word' id='word_1_199' title='bbox 1826 3229 1982 3294; x_wconf 91' lang='lat' dir='ltr'><strong>Inde</strong></span> <span class='ocrx_word' id='word_1_200' title='bbox 2043 3226 2299 3292; x_wconf 88' lang='lat' dir='ltr'><strong>articuli</strong></span> <span class='ocrx_word' id='word_1_201' title='bbox 2368 3228 2585 3291; x_wconf 87' lang='lat' dir='ltr'><strong>subse-</strong></span> 
     </span>
     <span class='ocr_line' id='line_1_28' title="bbox 238 3333 2587 3421; baseline 0 -24"><span class='ocrx_word' id='word_1_202' title='bbox 238 3337 498 3416; x_wconf 87' lang='lat' dir='ltr'><strong>quentes</strong></span> <span class='ocrx_word' id='word_1_203' title='bbox 545 3336 623 3399; x_wconf 87' lang='lat' dir='ltr'><strong>ad</strong></span> <span class='ocrx_word' id='word_1_204' title='bbox 671 3338 958 3401; x_wconf 88' lang='lat' dir='ltr'><strong>senatum</strong></span> <span class='ocrx_word' id='word_1_205' title='bbox 1006 3339 1070 3403; x_wconf 90' lang='lat' dir='ltr'><strong>et</strong></span> <span class='ocrx_word' id='word_1_206' title='bbox 1114 3338 1393 3421; x_wconf 89' lang='lat' dir='ltr'><strong>regimen</strong></span> <span class='ocrx_word' id='word_1_207' title='bbox 1432 3336 1638 3401; x_wconf 90' lang='lat' dir='ltr'><strong>dictae</strong></span> <span class='ocrx_word' id='word_1_208' title='bbox 1682 3335 1861 3401; x_wconf 89' lang='lat' dir='ltr'><strong>urbis</strong></span> <span class='ocrx_word' id='word_1_209' title='bbox 1909 3334 2289 3418; x_wconf 88' lang='lat' dir='ltr'><strong>pertinentes</strong></span> <span class='ocrx_word' id='word_1_210' title='bbox 2337 3333 2587 3398; x_wconf 89' lang='lat' dir='ltr'><strong>senatui</strong></span> 
     </span>
     <span class='ocr_line' id='line_1_29' title="bbox 239 3438 2870 3524; baseline 0 -21"><span class='ocrx_word' id='word_1_211' title='bbox 239 3439 564 3524; x_wconf 88' lang='lat' dir='ltr'><strong>designato</strong></span> <span class='ocrx_word' id='word_1_212' title='bbox 611 3442 833 3506; x_wconf 88' lang='lat' dir='ltr'><strong>traditi</strong></span> <span class='ocrx_word' id='word_1_213' title='bbox 881 3444 1031 3507; x_wconf 90' lang='lat' dir='ltr'><strong>sunt</strong></span> <span class='ocrx_word' id='word_1_214' title='bbox 1076 3443 1390 3507; x_wconf 89' lang='lat' dir='ltr'><strong>dominico</strong></span> <span class='ocrx_word' id='word_1_215' title='bbox 1438 3442 1539 3507; x_wconf 92' lang='lat' dir='ltr'><strong>die</strong></span> <span class='ocrx_word' id='word_1_216' title='bbox 1585 3441 2049 3506; x_wconf 87' lang='lat' dir='ltr'><strong>Misericordias</strong></span> <span class='ocrx_word' id='word_1_217' title='bbox 2095 3438 2353 3504; x_wconf 87' lang='grc'>1)01111111</span> <span class='ocrx_word' id='word_1_218' title='bbox 2371 3439 2414 3504; x_wconf 78' lang='lat'><strong>⁸.</strong></span> <span class='ocrx_word' id='word_1_219' title='bbox 2613 3474 2682 3516; x_wconf 70' lang='lat'><strong>³0,</strong></span> <span class='ocrx_word' id='word_1_220' title='bbox 2710 3470 2870 3524; x_wconf 64' lang='lat' dir='ltr'><strong>Aprn,</strong></span> 
     </span>
    </p>

    <p class='ocr_par' dir='ltr' id='par_1_7' title="bbox 458 3545 2588 3632">
     <span class='ocr_line' id='line_1_30' title="bbox 458 3545 2588 3632; baseline 0 -21"><span class='ocrx_word' id='word_1_221' title='bbox 458 3553 511 3612; x_wconf 94' lang='lat'><strong>1.</strong></span> <span class='ocrx_word' id='word_1_222' title='bbox 561 3547 884 3631; x_wconf 86' lang='lat' dir='ltr'><strong>Principio</strong></span> <span class='ocrx_word' id='word_1_223' title='bbox 927 3550 1178 3613; x_wconf 85' lang='lat' dir='ltr'><strong>senatus</strong></span> <span class='ocrx_word' id='word_1_224' title='bbox 1226 3548 1666 3632; x_wconf 87' lang='lat' dir='ltr'><strong>designabitur</strong></span> <span class='ocrx_word' id='word_1_225' title='bbox 1710 3567 1783 3612; x_wconf 83' lang='lat' dir='ltr'><strong>ex</strong></span> <span class='ocrx_word' id='word_1_226' title='bbox 1829 3546 2159 3612; x_wconf 88' lang='lat' dir='ltr'><strong>duodecim</strong></span> <span class='ocrx_word' id='word_1_227' title='bbox 2203 3545 2491 3630; x_wconf 89' lang='lat' dir='ltr'><strong>patriciis</strong></span> <span class='ocrx_word' id='word_1_228' title='bbox 2523 3547 2588 3611; x_wconf 89' lang='lat' dir='ltr'><strong>et</strong></span> 
     </span>
    </p>
   </div>
   <div class='ocr_carea' id='block_1_4' title="bbox 236 3692 664 3700">
    <p class='ocr_par' dir='ltr' id='par_1_8' title="bbox 236 3692 664 3700">
     <span class='ocr_line' id='line_1_31' title="bbox 236 3692 664 3700; baseline 0 1375"><span class='ocrx_word' id='word_1_229' title='bbox 236 3692 664 3700; x_wconf 95' lang='lat' dir='ltr'><strong> </strong></span> 
     </span>
    </p>
   </div>
   <div class='ocr_carea' id='block_1_5' title="bbox 231 3758 2587 4528">
    <p class='ocr_par' dir='ltr' id='par_1_9' title="bbox 455 3758 1800 3829">
     <span class='ocr_line' id='line_1_32' title="bbox 455 3758 1800 3829; baseline 0.001 -16"><span class='ocrx_word' id='word_1_230' title='bbox 455 3759 494 3827; x_wconf 84' lang='lat'><strong>¹)</strong></span> <span class='ocrx_word' id='word_1_231' title='bbox 538 3761 671 3824; x_wconf 84' lang='lat' dir='ltr'><strong>„mit</strong></span> <span class='ocrx_word' id='word_1_232' title='bbox 710 3777 893 3814; x_wconf 87' lang='lat' dir='ltr'><strong>meren</strong></span> <span class='ocrx_word' id='word_1_233' title='bbox 928 3760 1093 3814; x_wconf 88' lang='lat' dir='ltr'><strong>luden</strong></span> <span class='ocrx_word' id='word_1_234' title='bbox 1129 3777 1233 3814; x_wconf 77' lang='lat' dir='ltr'><strong>van</strong></span> <span class='ocrx_word' id='word_1_235' title='bbox 1271 3760 1368 3813; x_wconf 83' lang='lat' dir='ltr'><strong>der</strong></span> <span class='ocrx_word' id='word_1_236' title='bbox 1401 3758 1800 3829; x_wconf 84' lang='lat' dir='ltr'><strong>ridderschap.“</strong></span> 
     </span>
    </p>

    <p class='ocr_par' dir='ltr' id='par_1_10' title="bbox 231 3845 2587 4360">
     <span class='ocr_line' id='line_1_33' title="bbox 451 3845 2587 3918; baseline -0.001 -17"><span class='ocrx_word' id='word_1_237' title='bbox 451 3847 494 3914; x_wconf 77' lang='lat'><strong>⁵²)</strong></span> <span class='ocrx_word' id='word_1_238' title='bbox 532 3848 695 3902; x_wconf 82' lang='lat' dir='ltr'><strong>Diese</strong></span> <span class='ocrx_word' id='word_1_239' title='bbox 736 3848 979 3914; x_wconf 77' lang='lat' dir='ltr'><strong>„Artikel</strong></span> <span class='ocrx_word' id='word_1_240' title='bbox 1035 3849 1131 3903; x_wconf 88' lang='lat' dir='ltr'><strong>der</strong></span> <span class='ocrx_word' id='word_1_241' title='bbox 1167 3847 1415 3918; x_wconf 88' lang='lat' dir='ltr'><strong>ordnung</strong></span> <span class='ocrx_word' id='word_1_242' title='bbox 1469 3847 1651 3917; x_wconf 86' lang='lat' dir='ltr'><strong>guden</strong></span> <span class='ocrx_word' id='word_1_243' title='bbox 1706 3848 2003 3918; x_wconf 73' lang='lat' dir='ltr'><strong>regimenta</strong></span> <span class='ocrx_word' id='word_1_244' title='bbox 2058 3845 2169 3901; x_wconf 89' lang='lat' dir='ltr'><strong>und</strong></span> <span class='ocrx_word' id='word_1_245' title='bbox 2215 3845 2587 3916; x_wconf 85' lang='lat' dir='ltr'><strong>burgerlicher</strong></span> 
     </span>
     <span class='ocr_line' id='line_1_34' title="bbox 236 3933 2587 4006; baseline -0 -19"><span class='ocrx_word' id='word_1_246' title='bbox 236 3934 430 4004; x_wconf 88' lang='lat' dir='ltr'><strong>polizei</strong></span> <span class='ocrx_word' id='word_1_247' title='bbox 469 3937 525 3989; x_wconf 88' lang='lat' dir='ltr'><strong>in</strong></span> <span class='ocrx_word' id='word_1_248' title='bbox 564 3936 659 3989; x_wconf 87' lang='lat' dir='ltr'><strong>der</strong></span> <span class='ocrx_word' id='word_1_249' title='bbox 695 3940 809 3991; x_wconf 84' lang='lat' dir='ltr'><strong>stat</strong></span> <span class='ocrx_word' id='word_1_250' title='bbox 843 3937 1092 3991; x_wconf 81' lang='lat' dir='ltr'><strong>Munster</strong></span> <span class='ocrx_word' id='word_1_251' title='bbox 1129 3977 1140 3989; x_wconf 90' lang='lat'><strong>.</strong></span> <span class='ocrx_word' id='word_1_252' title='bbox 1167 3976 1178 3989; x_wconf 91' lang='lat'><strong>.</strong></span> <span class='ocrx_word' id='word_1_253' title='bbox 1201 3977 1214 3990; x_wconf 92' lang='lat'><strong>.</strong></span> <span class='ocrx_word' id='word_1_254' title='bbox 1254 3938 1357 3989; x_wconf 86' lang='lat' dir='ltr'><strong>mit</strong></span> <span class='ocrx_word' id='word_1_255' title='bbox 1391 3941 1590 3990; x_wconf 85' lang='lat' dir='ltr'><strong>wetten</strong></span> <span class='ocrx_word' id='word_1_256' title='bbox 1650 3937 1924 4006; x_wconf 87' lang='lat' dir='ltr'><strong>gemeiner</strong></span> <span class='ocrx_word' id='word_1_257' title='bbox 1971 3935 2257 4004; x_wconf 86' lang='lat' dir='ltr'><strong>lantschap</strong></span> <span class='ocrx_word' id='word_1_258' title='bbox 2313 3933 2587 3988; x_wconf 80' lang='lat' dir='ltr'><strong>beslotten</strong></span> 
     </span>
     <span class='ocr_line' id='line_1_35' title="bbox 234 4011 2584 4095; baseline -0 -19"><span class='ocrx_word' id='word_1_259' title='bbox 234 4023 345 4077; x_wconf 88' lang='lat' dir='ltr'><strong>und</strong></span> <span class='ocrx_word' id='word_1_260' title='bbox 371 4023 472 4077; x_wconf 85' lang='lat' dir='ltr'><strong>den</strong></span> <span class='ocrx_word' id='word_1_261' title='bbox 498 4026 850 4080; x_wconf 86' lang='lat' dir='ltr'><strong>verordenten</strong></span> <span class='ocrx_word' id='word_1_262' title='bbox 882 4027 1283 4095; x_wconf 85' lang='lat' dir='ltr'><strong>raitzpersoncn</strong></span> <span class='ocrx_word' id='word_1_263' title='bbox 1309 4011 1613 4079; x_wconf 81' lang='lat' dir='ltr'><strong>schriftlich</strong></span> <span class='ocrx_word' id='word_1_264' title='bbox 1641 4041 1937 4094; x_wconf 77' lang='lat' dir='ltr'><strong>overgeven</strong></span> <span class='ocrx_word' id='word_1_265' title='bbox 1975 4040 2061 4078; x_wconf 82' lang='lat' dir='ltr'><strong>am</strong></span> <span class='ocrx_word' id='word_1_266' title='bbox 2089 4023 2337 4093; x_wconf 85' lang='lat' dir='ltr'><strong>Sondage</strong></span> <span class='ocrx_word' id='word_1_267' title='bbox 2373 4023 2584 4076; x_wconf 85' lang='lat' dir='ltr'><strong>Miseri-</strong></span> 
     </span>
     <span class='ocr_line' id='line_1_36' title="bbox 234 4110 2583 4168; baseline 0 -4"><span class='ocrx_word' id='word_1_268' title='bbox 234 4113 443 4166; x_wconf 84' lang='lat' dir='ltr'><strong>cordias</strong></span> <span class='ocrx_word' id='word_1_269' title='bbox 480 4113 701 4168; x_wconf 88' lang='lat' dir='ltr'><strong>Domini</strong></span> <span class='ocrx_word' id='word_1_270' title='bbox 754 4132 894 4168; x_wconf 83' lang='lat' dir='ltr'><strong>anno</strong></span> <span class='ocrx_word' id='word_1_271' title='bbox 932 4115 1032 4167; x_wconf 74' lang='lat'><strong>36⁶⁴</strong></span> <span class='ocrx_word' id='word_1_272' title='bbox 1075 4112 1197 4167; x_wconf 86' lang='lat' dir='ltr'><strong>sind</strong></span> <span class='ocrx_word' id='word_1_273' title='bbox 1252 4114 1434 4167; x_wconf 85' lang='lat' dir='ltr'><strong>ausser</strong></span> <span class='ocrx_word' id='word_1_274' title='bbox 1486 4114 1574 4167; x_wconf 90' lang='lat' dir='ltr'><strong>bei</strong></span> <span class='ocrx_word' id='word_1_275' title='bbox 1612 4113 1665 4167; x_wconf 89' lang='lat' dir='ltr'><strong>J.</strong></span> <span class='ocrx_word' id='word_1_276' title='bbox 1703 4113 2002 4167; x_wconf 84' lang='lat' dir='ltr'><strong>Niesert</strong></span> <span class='ocrx_word' id='word_1_277' title='bbox 2039 4130 2087 4165; x_wconf 83' lang='lat' dir='ltr'><strong>a.</strong></span> <span class='ocrx_word' id='word_1_278' title='bbox 2114 4129 2162 4165; x_wconf 86' lang='lat' dir='ltr'><strong>a.</strong></span> <span class='ocrx_word' id='word_1_279' title='bbox 2192 4112 2255 4166; x_wconf 91' lang='lat' dir='ltr'><strong>O.</strong></span> <span class='ocrx_word' id='word_1_280' title='bbox 2310 4111 2365 4165; x_wconf 90' lang='lat' dir='ltr'><strong>S.</strong></span> <span class='ocrx_word' id='word_1_281' title='bbox 2403 4110 2583 4165; x_wconf 75' lang='grc'>25611.</span> 
     </span>
     <span class='ocr_line' id='line_1_37' title="bbox 231 4197 2583 4271; baseline -0.001 -17"><span class='ocrx_word' id='word_1_282' title='bbox 231 4199 372 4255; x_wconf 89' lang='lat' dir='ltr'><strong>noch</strong></span> <span class='ocrx_word' id='word_1_283' title='bbox 409 4202 746 4271; x_wconf 83' lang='lat' dir='ltr'><strong>abgedruckt</strong></span> <span class='ocrx_word' id='word_1_284' title='bbox 780 4203 868 4257; x_wconf 89' lang='lat' dir='ltr'><strong>bei</strong></span> <span class='ocrx_word' id='word_1_285' title='bbox 905 4201 969 4257; x_wconf 89' lang='lat' dir='ltr'><strong>V.</strong></span> <span class='ocrx_word' id='word_1_286' title='bbox 995 4202 1067 4257; x_wconf 89' lang='lat' dir='ltr'><strong>N.</strong></span> <span class='ocrx_word' id='word_1_287' title='bbox 1093 4201 1527 4271; x_wconf 85' lang='lat' dir='ltr'><strong>Kindlinger:</strong></span> <span class='ocrx_word' id='word_1_288' title='bbox 1566 4201 1962 4255; x_wconf 83' lang='lat' dir='ltr'><strong>Mi‘msterische</strong></span> <span class='ocrx_word' id='word_1_289' title='bbox 1985 4201 2244 4270; x_wconf 66' lang='lat' dir='ltr'><strong>Beitrage</strong></span> <span class='ocrx_word' id='word_1_290' title='bbox 2269 4216 2364 4253; x_wconf 84' lang='lat' dir='ltr'><strong>zur</strong></span> <span class='ocrx_word' id='word_1_291' title='bbox 2390 4197 2583 4252; x_wconf 88' lang='lat' dir='ltr'><strong>Gesch.</strong></span> 
     </span>
     <span class='ocr_line' id='line_1_38' title="bbox 231 4289 2008 4360; baseline 0.001 -17"><span class='ocrx_word' id='word_1_292' title='bbox 231 4289 634 4345; x_wconf 85' lang='lat' dir='ltr'><strong>Deutschlands</strong></span> <span class='ocrx_word' id='word_1_293' title='bbox 671 4289 772 4345; x_wconf 87' lang='lat' dir='ltr'><strong>Bd.</strong></span> <span class='ocrx_word' id='word_1_294' title='bbox 804 4294 828 4344; x_wconf 89' lang='lat'>1</span> <span class='ocrx_word' id='word_1_295' title='bbox 874 4291 1142 4358; x_wconf 83' lang='lat' dir='ltr'><strong>(Miinster</strong></span> <span class='ocrx_word' id='word_1_296' title='bbox 1181 4290 1359 4360; x_wconf 79' lang='lat'><strong>1787),</strong></span> <span class='ocrx_word' id='word_1_297' title='bbox 1396 4289 1693 4344; x_wconf 86' lang='lat' dir='ltr'><strong>Urkunden</strong></span> <span class='ocrx_word' id='word_1_298' title='bbox 1736 4289 1791 4345; x_wconf 88' lang='lat' dir='ltr'><strong>S.</strong></span> <span class='ocrx_word' id='word_1_299' title='bbox 1829 4290 1933 4344; x_wconf 83' lang='lat'><strong>294</strong></span> <span class='ocrx_word' id='word_1_300' title='bbox 1951 4289 2008 4344; x_wconf 85' lang='lat' dir='ltr'><strong>ff.</strong></span> 
     </span>
    </p>

    <p class='ocr_par' dir='ltr' id='par_1_11' title="bbox 446 4377 1318 4448">
     <span class='ocr_line' id='line_1_39' title="bbox 446 4377 1318 4448; baseline -0.008 -16"><span class='ocrx_word' id='word_1_301' title='bbox 446 4377 490 4447; x_wconf 70' lang='grc'><strong>8)</strong></span> <span class='ocrx_word' id='word_1_302' title='bbox 528 4378 614 4432; x_wconf 88' lang='grc'><strong>30.</strong></span> <span class='ocrx_word' id='word_1_303' title='bbox 652 4377 822 4448; x_wconf 87' lang='lat' dir='ltr'><strong>April.</strong></span> <span class='ocrx_word' id='word_1_304' title='bbox 1296 4402 1318 4425; x_wconf 59' lang='grc' dir='ltr'>ι</span> 
     </span>
    </p>

    <p class='ocr_par' dir='ltr' id='par_1_12' title="bbox 2366 4463 2455 4528">
     <span class='ocr_line' id='line_1_40' title="bbox 2366 4463 2455 4528; baseline 0 0"><span class='ocrx_word' id='word_1_305' title='bbox 2366 4463 2455 4528; x_wconf 84' lang='grc'><strong>32</strong></span> 
     </span>
    </p>
   </div>
  </div>
 </body>
</html>
