3259 5075
649 264 780 327 910
1506 262 1692 326 Anno
1748 263 1909 326 1541
1963 267 2119 327 acta.

648 438 884 503 tionem
910 437 1334 503 defensionem
1355 437 1492 502 iure
1517 438 1890 520 permissam
1913 458 2045 503 esse
2070 437 2447 519 existiment,
2472 458 2584 521 per
2605 437 2727 503 hoc
2751 457 2818 503 se
2844 438 3016 520 falli,

649 564 795 609 cum
811 545 1088 609 defensio
1112 544 1511 609 moderamen
1531 543 1891 627 inculpatae
1913 544 2151 609 tutelae
2174 544 2686 626 comprehendat3
2715 544 2768 608 si
2788 546 3019 609 autem

647 651 826 735 plebs
857 651 1066 716 furere
1097 650 1421 733 inciperet,
1470 655 1671 719 metas
1719 652 2079 734 inculpatae
2112 653 2349 718 tutelae
2385 652 2520 717 sine
2552 653 2746 717 dubio
2791 655 3017 717 trans-

647 757 1032 840 grederetur.
1095 756 1398 839 Secund0‚
1448 758 1503 822 si
1534 758 1684 822 talis
1732 758 2008 823 defensio
2055 758 2302 823 civibus
2349 758 2645 823 adversus
2692 778 2846 823 suos
2898 778 3018 841 op-

648 883 959 947 pressores
1007 864 1499 945 permitteretur,
1549 864 1629 929 ad
1676 863 1826 948 quid
1879 865 2304 947 magistratuS,
2359 864 2437 928 ad
2485 865 2637 948 quid
2684 865 3012 948 princepS,

650 970 725 1033 ad
773 970 928 1053 quid
975 971 1259 1052 satrapae
1306 971 1370 1034 et
1415 970 1732 1052 praefecti,
1783 971 1839 1035 si
1870 971 2133 1054 quisque
2179 970 2363 1035 iudex
2412 990 2557 1034 suae
2604 989 2829 1035 causae
2875 990 3013 1035 esse

650 1076 880 1159 queat?
925 1075 1156 1157 Terti0,
1206 1075 1459 1140 etiamsi
1489 1075 1823 1159 oppidanis
1869 1076 2248 1159 permissum
2279 1079 2441 1140 esset
2473 1076 2710 1140 civium
2744 1095 3014 1159 oppres-

608 1237 624 1252 ,
651 1201 852 1245 sorem
898 1183 1138 1245 armata
1183 1179 1415 1246 *manu
1459 1182 1751 1266 persequi
1801 1185 1864 1247 et
1908 1202 2144 1265 capere,
2208 1182 2373 1266 quod
2417 1185 2629 1246 tamen
2673 1201 3014 1265 nunquam

650 1306 933 1370 expresse
978 1287 1358 1370 permissum
1390 1289 1492 1370 sit,
1542 1290 1821 1354 attamen
1852 1288 2119 1353 eundem
2159 1288 2228 1353 in
2260 1290 2514 1353 urbem*
2560 1288 3014 1353 abducendum

649 1392 1009 1476 ibidemque
1056 1393 1122 1456 in
1170 1413 1480 1459 carcerem
1541 1395 2008 1460 detrudendum
2068 1415 2194 1459 non
2241 1414 2401 1476 esse,
2474 1394 2581 1458 sed
2627 1393 2726 1458 illi
2788 1396 3010 1477 potius

651 1502 933 1581 satrapae
965 1518 1074 1564 seu
1120 1500 1448 1582 praefecto,
1498 1501 1567 1565 in
1602 1501 1784 1565 cuius
1831 1500 2267 1564 iurisdictione
2312 1501 2739 1583 apprehensus
2785 1499 3007 1575 fuerit,

647 1604 1043 1686 tradendum,
1094 1605 1202 1688 qui
1249 1605 1436 1669 illum
1483 1606 1720 1670 iudicio
1752 1605 2146 1689 quibuslibet
2190 1605 2290 1669 ius
2324 1625 2511 1670 suum
2559 1606 2850 1689 persequi
2896 1625 3009 1670 vo-

650 1711 927 1776 lentibus
975 1711 1179 1776 sistat.
1231 1749 1314 1757 -
1363 1711 1430 1777 Si
1477 1713 1669 1776 etiam
1733 1710 2330 1775 Monasteriensibus
2389 1712 2664 1776 liberum
2712 1731 2848 1775 esse
2898 1710 3012 1775 de-

649 1818 794 1882 beat
836 1817 1139 1882 iniuriam
1171 1817 1414 1883 civibus
1460 1819 1709 1882 illatam
1740 1818 1808 1882 in
1838 1816 2275 1882 iurisdictione
2319 1818 2625 1901 principis
2657 1817 3005 1897 vindicare,

650 1942 1079 2006 oppressorem
1148 1924 1437 2007 persequi
1505 1923 1894 2007 eundemque
1962 1942 2180 2006 capere
2228 1926 2290 1988 et
2346 1923 2421 1987 ad
2469 1924 2693 1987 urbem
2763 1942 3005 2005 rapere,

643 2030 863 2094 eodem
908 2031 1045 2094 iure
1092 2050 1336 2114 quoque
1403 2030 1682 2114 principi
1746 2030 1935 2094 licere
1981 2049 2414 2112 oppressorem
2477 2048 2733 2093 suorum
2782 2028 3007 2093 subdi-

642 2137 858 2201 torum
907 2136 975 2201 in
1012 2137 1233 2201 urbem
1281 2136 1630 2218 fugientem
1675 2136 1983 2219 persequi,
2033 2136 2099 2199 in
2133 2154 2206 2199 ea
2250 2134 2710 2218 apprehendere
2756 2137 2820 2197 et
2867 2135 3007 2199 sine

646 2245 901 2307 senatus
950 2242 1395 2307 intercessione
1441 2243 1704 2307 educere
1753 2242 2176 2324 eductumque
2223 2241 2439 2324 poenis
2487 2240 2754 2305 afficere.
2819 2240 3009 2319 Quod

642 2347 816 2411 enim
864 2348 976 2411 uni
1024 2348 1265 2413 iustum
1314 2349 1417 2431 sit,
1468 2348 1653 2412 alteri
1701 2348 2012 2412 iniustum
2060 2366 2193 2411 esse
2239 2368 2363 2412 non
2408 2367 2607 2431 posse.

860 2452 961 2516 Ad
1006 2454 1159 2519 haec
1206 2456 1761 2519 Monasterienses:
1826 2454 1903 2519 Se
1949 2454 2184 2519 iterum
2229 2457 2418 2538 atque
2475 2454 2711 2517 iterum
2757 2452 3005 2536 efflagi-

642 2562 798 2640 tare,
848 2561 924 2623 ut
969 2580 1040 2624 ex
1071 2562 1382 2626 sententia
1428 2564 1490 2626 et
1536 2562 1784 2627 decreto
1832 2562 2085 2644 imperii
2131 2560 2199 2625 in
2237 2561 2581 2643 pristinum
2627 2561 3007 2624 libertatum

641 2667 712 2730 et
756 2665 1233 2749 privilegiorum
1281 2670 1521 2732 statum
1565 2668 2008 2732 restituantur.
2104 2665 2283 2746 Quod
2331 2666 2388 2730 si
2431 2667 2546 2730 fiat
2591 2654 2656 2730 et
2701 2665 3007 2747 opificum

642 2771 857 2835 curiae
902 2790 1027 2836 non
1074 2772 1514 2854 admit-tantur,
1584 2772 1993 2855 tranquillam
2040 2790 2105 2835 se
2152 2771 2611 2853 rempublicam
2668 2770 3004 2835 habituros

648 2877 976 2942 confidere.
1046 2877 1147 2942 Ad
1192 2877 1363 2960 haec,
1413 2881 1487 2942 ut
1531 2878 1978 2961 magistratum
2010 2876 2317 2959 deponere
2350 2876 2473 2941 sibi
2518 2877 2814 2959 princeps
2859 2894 3005 2958 per-

646 2984 882 3049 mittat.
934 3023 1017 3033 —
1063 2984 1164 3048 Ad
1210 2984 1296 3066 id,
1348 2984 1513 3068 quod
1547 2984 1893 3049 adductum
1928 2982 2030 3063 sit,
2080 3001 2340 3046 munera
2385 2983 2510 3048 ista
2540 3002 2674 3048 esse
2721 2982 3002 3065 publica,

646 3109 806 3174 quae
853 3091 1314 3155 excusationem
1360 3091 1460 3155 sui
1507 3109 1631 3154 non
1679 3089 2037 3170 admittant,
2090 3107 2153 3153 se
2201 3089 2605 3172 respondere:
2654 3087 3009 3172 quemlibet

644 3197 907 3279 quidem
952 3197 1175 3261 debere
1207 3197 1282 3260 de
1313 3196 1640 3280 republica
1685 3196 1841 3259 bene
1873 3193 2097 3259 mereri
2128 3195 2211 3276 et,
2259 3197 2566 3277 quantum
2597 3193 2736 3259 fieri
2777 3194 3004 3276 possit,

650 3301 752 3366 illi
795 3303 1106 3386 prodesse.
1200 3302 1435 3368 Verum
1482 3321 1627 3365 cum
1674 3301 1779 3365 hic
1824 3300 2234 3384 magistratus
2295 3300 2382 3365 sit
2424 3293 2764 3383 perpetuus
2812 3301 2877 3363 et
2925 3298 3010 3364 ad

648 3407 819 3474 vitae
865 3409 1054 3473 finem
1101 3427 1299 3493 usque
1331 3407 1456 3472 sibi
1501 3407 1860 3489 imposituS,
1909 3425 1974 3472 se
2005 3425 2148 3470 cum
2183 3425 2395 3470 rerum
2440 3425 2697 3471 suarum
2741 3405 3012 3488 dispen-

643 3515 756 3580 dio
802 3516 883 3580 ad
927 3516 1116 3581 illum
1162 3515 1496 3581 astrictum
1562 3535 1689 3580 non
1736 3535 1868 3580 esse
1928 3514 2283 3580 existimare
2307 3514 2348 3579 ².
2400 3551 2484 3561 -
2531 3512 2616 3577 Et
2659 3531 2805 3576 cum
2852 3530 3012 3576 con-

865 3690 914 3760 ει)
953 3691 1062 3745 Ma.
1074 3710 1092 3743 .-
1127 3693 1276 3746 urbe.

867 3886 910 3952 ¹)
946 3885 1015 3940 In
1054 3886 1229 3940 einem
1266 3884 1362 3939 der
1395 3885 1624 3956 Papiere
1659 3885 1738 3939 im
1775 3883 1947 3939 Sa-A.
1972 3883 2047 3939 M.
2086 3900 2135 3939 a.
2156 3900 2206 3939 a.
2227 3883 2291 3939 0.
2326 3883 2554 3954 beklagt
2589 3882 2707 3937 sich
2742 3881 2841 3936 der
2874 3881 3012 3951 Eat,

643 3974 770 4029 dass
808 3975 956 4029 scine
992 3973 1307 4045 Mitglieder
1345 3991 1445 4042 „an
1485 3991 1604 4028 erer
1655 3990 1898 4043 nerunge
1934 3972 2046 4027 und
2083 3972 2416 4044 geschefften
2471 3971 2638 4026 dorch
2674 3987 2764 4025 ere
2800 3971 3012 4027 besve-

647 4079 822 4134 runge
858 4062 1259 4134 thoruggesatt,
1297 4062 1486 4117 dewile
1516 4079 1651 4117 unse
1688 4061 2047 4133 gewontliche
2083 4064 2296 4131 genutt,
2332 4059 2559 4114 wiewoll
2596 4059 2745 4114 klein
2780 4065 3011 4130 geu-esf,

646 4168 751 4206 uns
790 4153 910 4206 oiek
947 4152 1324 4222 affgekurtet.“
1399 4152 1472 4207 Es
1509 4151 1725 4207 scheint
1757 4150 1872 4205 ihm
1913 4150 2100 4218 „nicht
2134 4149 2369 4220 geraden
2406 4149 2546 4203 noch
2583 4148 2880 4218 mogelich,
2919 4165 3014 4219 η

642 4240 746 4295 «des
780 4241 1077 4311 regimenta
1113 4242 1218 4294 mit
1252 4257 1416 4294 unser
1439 4241 1597 4310 eigen
1631 4240 1952 4309 beswerung
1986 4237 2098 4293 und
2135 4238 2455 4309 entgeltnil'e
2491 4237 2589 4291 tho
2613 4237 2844 4308 dragem
2881 4235 3017 4292 οἰσὶ

641 4328 750 4383 dar
784 4328 882 4383 tho
917 4329 1367 4400 unverplichtet.“
