3259 5075
1195 281 1377 349 Anno
1430 284 1599 349 1534
1645 284 1802 349 acta.
2530 283 2662 349 505

322 459 844 526 Monasterienses
891 461 1174 526 solennia
1213 463 1387 544 pacis
1433 462 1683 527 foedera
1725 462 1852 528 sibi
1898 462 2150 546 suisque
2195 481 2321 527 non
2370 461 2462 527 ita
2492 481 2661 527 com-

324 565 509 630 moda
550 586 664 649 per
692 566 1147 651 Lantgravium
1190 567 1318 633 icta
1361 569 1592 633 temere
1638 567 2040 651 excusserint,
2090 568 2269 632 nulla
2311 567 2436 633 alia
2478 570 2663 652 pacta

323 673 494 755 ipsos
539 673 608 737 in
651 675 974 756 posterum
1020 676 1391 740 servaturos.

535 779 900 845 Eberwinus
947 781 1173 847 Droste
1194 784 1217 820 ¹
1284 801 1430 846 cum
1474 781 1707 847 Ioanne
1773 780 1906 846 filio
1966 800 2079 846 suo
2148 800 2261 846 nec
2306 799 2430 845 non
2498 781 2661 845 Her-

321 905 590 952 mannus
638 888 1093 972 Schenckinck‚
1164 888 1350 954 iudex
1395 889 1601 970 urbis,
1671 890 1771 954 12.
1820 888 2147 953 Februarii
2212 886 2490 971 principi
2549 906 2661 970 pro

324 1011 469 1058 vero
512 993 796 1058 referunt
842 995 1273 1060 Hermannum
1305 994 1742 1079 Tylbechium,
1791 995 2128 1076 consulem,
2179 1013 2325 1059 cum
2369 995 2505 1059 tota
2550 1012 2665 1058 sua

321 1097 569 1165 familia
612 1100 1071 1184 rebaptizatum
1103 1121 1252 1183 esse,
1303 1103 1488 1185 atque
1519 1102 1819 1166 maiorem
1849 1101 2085 1166 civium
2128 1102 2370 1184 partem
2415 1101 2486 1164 in
2516 1120 2661 1165 ean-

325 1204 466 1269 dem
526 1205 811 1271 haeresin
857 1208 1149 1272 certatim
1215 1207 1531 1289 incidisse,
1601 1208 1963 1272 innocentes
2008 1226 2152 1272 vero
2221 1206 2444 1271 salutis
2514 1224 2662 1270 suae

326 1310 693 1377 discrimina
751 1314 1120 1397 effugientes
1166 1333 1311 1378 cum
1357 1313 1732 1397 coniugibus
1796 1312 2134 1397 liberisque
2181 1313 2312 1378 suis
2358 1314 2513 1377 urbe
2558 1331 2662 1376 ex-

322 1418 581 1483 cessisse
625 1420 690 1484 et
735 1420 973 1502 passim
1032 1420 1100 1485 111
1145 1419 1394 1504 oppidis
1462 1420 1763 1504 pagisque
1807 1419 1912 1484 vel
1954 1420 2120 1485 inter
2188 1418 2490 1503 sanguine
2539 1419 2664 1483 sibi

322 1522 571 1589 iunctos
616 1525 719 1590 vel
761 1526 1009 1609 ignotos
1056 1545 1283 1610 magno
1329 1546 1476 1591 cum
1518 1545 1734 1590 rerum
1781 1544 2037 1591 suarum
2082 1523 2409 1608 dispendio
2457 1525 2661 1590 consi-

323 1629 469 1695 dere
512 1631 929 1715 miseramque
973 1633 1173 1698 vitam
1217 1652 1434 1716 agere;
1481 1632 1652 1716 ipsos
1700 1631 1868 1696 enim
1913 1632 2012 1696 vel
2058 1633 2327 1697 mortem
2372 1633 2662 1715 oppetere

322 1735 424 1801 vel
469 1740 805 1802 extremam
851 1741 1283 1821 paupertatem
1327 1739 1570 1822 perpeti
1618 1738 1825 1820 malle,
1883 1757 2072 1821 quam
2117 1737 2548 1820 anabaptismo
2595 1756 2660 1802 se

321 1843 747 1909 contaminare
794 1846 858 1909 et
916 1846 1198 1911 aeternae
1265 1846 1489 1910 salutis
1558 1844 1958 1928 naufragium
2024 1844 2243 1909 facere.
2338 1843 2413 1909 Se
2458 1843 2663 1927 igitur

321 1966 435 2032 pro
480 1949 612 2014 illis
657 1950 727 2015 in
772 1951 1090 2015 communi
1157 1951 1274 2016 hac
1319 1951 1676 2016 calamitate
1723 1950 2083 2032 consilium,
2153 1950 2657 2033 consolationem,

321 2056 704 2137 praesidium
737 2057 1164 2141 auxiliumque
1194 2076 1233 2122 a
1260 2058 1546 2141 principe
1593 2057 1968 2141 suppliciter
2005 2057 2358 2140 implorare,
2407 2076 2484 2120 ne
2517 2057 2659 2122 diu-

321 2163 583 2226 turnum
628 2163 717 2227 sit
759 2164 879 2228 hoc
925 2164 1202 2246 exilium,
1274 2164 1380 2229 sed
1429 2164 1623 2247 priori
1691 2164 1973 2229 libertati
2018 2164 2355 2227 clementer
2399 2163 2658 2228 restitu-

319 2271 525 2333 antur.
618 2268 714 2333 Ad
766 2288 921 2353 quae
987 2270 1310 2354 princeps:
1381 2270 1517 2336 Sibi
1583 2270 1775 2335 istam
1833 2269 2067 2335 civium
2128 2269 2549 2334 calamitatem
2595 2271 2659 2335 et

319 2375 863 2458 anabaptistarum
929 2377 1390 2442 contumaciam
1434 2395 1508 2441 ex
1553 2375 1761 2441 animo
1827 2376 2157 2459 displicere
2205 2377 2269 2440 et
2314 2394 2480 2439 nunc
2524 2376 2658 2459 pri-

320 2500 497 2546 mum
542 2501 606 2547 se
651 2483 1023 2568 intelligere,
1072 2503 1185 2549 cur
1230 2483 1514 2549 consules
1561 2503 1627 2549 se
1666 2483 2047 2568 sequestrem
2093 2500 2218 2547 non
2264 2481 2653 2567 admiserint,

2690 904 2756 945 12.
2781 901 2927 948 Febr.

321 2606 435 2651 cur
480 2607 658 2653 suam
703 2609 884 2673 opem
931 2591 994 2655 et
1039 2590 1374 2655 consilium
1443 2591 1726 2656 oblatum
1795 2588 2198 2671 excusserint,
2246 2586 2397 2654 *cur
2455 2589 2655 2673 portis
2765 2648 2779 2662 .

320 2694 446 2759 fere
491 2696 917 2780 propinquum
947 2716 1012 2761 se
1043 2696 1424 2762 excluserint
1469 2697 1983 2779 concordiamque
2030 2696 2391 2761 simulatam
2423 2697 2486 2760 et
2525 2696 2655 2761 dis-

317 2800 567 2865 cordem
613 2802 1120 2883 conciliaverint3
1184 2823 1248 2868 se
1294 2804 1504 2868 autem
1549 2801 1840 2868 extremis
1888 2802 2018 2867 suis
2064 2801 2309 2866 viribus
2354 2820 2469 2883 per
2511 2821 2656 2885 gra-

315 2907 476 2972 tiam
505 2908 625 2972 Dei
670 2909 1059 2991 effecturum,
1109 2911 1181 2974 ut
1227 2910 1376 2975 boni
1420 2909 1586 2974 cives
1634 2929 1699 2974 se
1730 2908 1853 2974 sibi
1901 2926 2084 2973 curae
2117 2926 2248 2971 esse
2294 2906 2656 2991 intelligant

313 3017 384 3080 et
428 3018 843 3099 experiantur.
936 3018 1031 3082 Ne
1078 3020 1288 3084 autem
1345 3018 1637 3102 princeps
1684 3019 1819 3083 sine
1864 3017 2124 3082 consilio
2170 3016 2323 3081 cleri
2366 3014 2655 3099 primarii

315 3298 520 3354 meldet
544 3316 617 3369 er,
655 3299 773 3354 dass
799 3317 857 3355 er
882 3301 997 3355 sich
1038 3302 1172 3367 „mit
1207 3301 1303 3355 der
1339 3300 1447 3372 eyll
1473 3342 1486 3355 .
1510 3342 1556 3356 ..
1596 3303 1655 3355 in
1678 3304 1939 3371 rustunge
1976 3300 2089 3355 und
2124 3300 2473 3371 kegenwher“
2513 3299 2654 3355 habe

314 3388 513 3444 stellen
547 3392 786 3456 miissen3
836 3389 1081 3445 dennoch
1115 3391 1259 3445 hoffe
1296 3408 1355 3445 er
1390 3408 1478 3445 am
1519 3394 1601 3445 10.
1626 3391 1775 3445 Marz
1813 3392 1871 3446 in
1905 3390 2132 3445 Arolsen
2169 3389 2273 3445 den
2309 3388 2653 3460 Landgrafen

315 3494 384 3530 zu
420 3478 632 3533 treffen.
702 3478 856 3533 Doch
911 3479 1077 3533 schon
1131 3497 1219 3534 am
1258 3483 1303 3532 1.
1341 3480 1491 3533 Marz
1547 3480 1816 3534 berichtet
1853 3497 1911 3534 er
1962 3479 2176 3549 wieder,
2233 3479 2351 3533 dass
2389 3495 2446 3533 61·
2501 3477 2654 3532 nicht

315 3565 564 3621 kommen
598 3567 790 3635 konne,
829 3567 901 3621 da
934 3568 1021 3622 die
1054 3567 1449 3622 Wiedertaufer
1483 3570 1541 3622 in
1578 3568 1825 3623 Miinster
1861 3569 2045 3639 Zuzug
2081 3571 2415 3637 erwarteten,
2453 3566 2557 3620 den
2596 3582 2655 3620 er

312 3654 638 3709 verhindern
672 3655 902 3710 mochte.
957 3655 1252 3711 Nochmals
1287 3656 1491 3711 meldet
1515 3673 1574 3711 61·
1609 3657 1725 3712 sich
1763 3674 1851 3711 8111
1888 3658 1937 3710 5.
1962 3657 2111 3711 Marx
2149 3673 2216 3711 zu
2253 3658 2400 3710 einer
2433 3661 2652 3725 person-

309 3743 494 3799 lichen
532 3744 1010 3799 Zusammenkunft
1045 3747 1149 3800 mit
1183 3746 1305 3800 dem
1341 3745 1685 3816 Landgrafen
1725 3745 1824 3800 auf
1855 3745 1958 3799 den
2000 3748 2079 3799 11.
2113 3746 2263 3799 Marz
2299 3747 2357 3798 in
2391 3743 2541 3798 Boke
2576 3745 2653 3798 im

313 3833 807 3888 Paderborn’schen
846 3851 931 3888 an.
1007 3834 1325 3903 (Samtliche
1377 3834 1558 3889 Akten
1611 3836 1688 3888 im
1725 3833 1972 3904 Original
2028 3834 2105 3887 irn
2141 3832 2311 3888 St.-A.
2348 3833 2646 3903 Marburg.)

314 3922 417 3976 Die
456 3923 935 3977 Zusammenkunft
971 3923 1101 3977 fand
1126 3924 1276 3978 Statt
1315 3924 1444 3994 (vgl.
1483 3923 1579 3979 das
1603 3922 1968 3993 Hiilfsgesuch
2006 3922 2099 3976 des
2124 3921 2371 3976 Bischofs
2395 3922 2484 3975 bei
2507 3921 2650 3975 Koln

314 4010 512 4079 [St-A.
548 4012 622 4065 M.
671 4012 746 4068 M.
771 4014 832 4067 L.
858 4012 922 4068 A.
960 4013 1155 4078 518s19
1192 4012 1301 4068 ΙΙΙ.
1338 4012 1433 4068 fol.
1472 4012 1643 4082 253J),
1699 4010 1810 4066 und
1845 4013 2033 4066 weiter
2069 4012 2143 4064 ist
2194 4010 2335 4064 noch
2390 4011 2465 4063 im
2499 4010 2649 4063 Marz

316 4100 434 4155 eine
469 4100 741 4156 hessischc
779 4102 1202 4157 Gesandtschaft
1254 4119 1324 4156 an
1361 4101 1465 4156 den
1500 4101 1729 4156 Bischof
1776 4101 2159 4155 nachweisbar.
2229 4099 2341 4153 Der
2377 4097 2651 4153 Gesandte

309 4188 348 4243 J
352 4187 529 4243 ohann
566 4190 816 4245 Nordeck
852 4191 1011 4245 kehrt
1047 4208 1134 4245 am
1171 4191 1256 4244 21.
1281 4191 1430 4245 Marz
1467 4190 1608 4245 nach
1644 4189 1838 4244 Kassel
1875 4189 2074 4243 zuriick
2108 4188 2220 4241 und
2254 4187 2523 4243 berichtct
2557 4188 2649 4242 be-

311 4278 534 4333 sonders
571 4279 703 4332 iiber
739 4277 836 4332 das
873 4278 1150 4333 Schicksal
1185 4279 1222 4333 J
1223 4278 1308 4333 oh.
1334 4297 1384 4332 v.
1411 4277 1462 4334 d.
1488 4277 1719 4333 Wieck’s
1757 4276 1825 4347 (s.
1861 4278 2049 4332 weiter
2083 4275 2293 4346 unten).

529 4368 574 4433 ²)
606 4367 720 4422 Das
755 4367 1030 4438 Folgende
1066 4369 1141 4422 ist
1174 4384 1278 4421 nur
1312 4384 1417 4422 von
1452 4367 1636 4422 Kerss.
1672 4366 2003 4422 iiberliefert.
