3259 5075
1150 275 1333 340 Anno
1389 277 1557 340 1534
1603 276 1760 339 acta.
2496 275 2622 338 671

272 452 565 536 exegerit,
629 452 710 517 ad
754 451 1100 516 militarem
1161 451 1579 535 irruptionem
1627 449 2124 516 extimulandam
2169 450 2247 515 ab
2295 448 2472 534 equis
2520 449 2628 515 de-

273 558 660 639 scenderint,
735 558 852 622 sub
899 558 1002 622 his
1064 577 1310 642 quoque
1377 557 1729 622 militantes
1798 559 2044 622 turmae
2112 556 2353 621 relictis
2416 556 2627 622 subito

273 665 451 749 equis
514 664 1022 748 oppugnantium
1082 664 1323 729 animos
1373 683 1484 728 suo
1534 664 1755 727 robore
1801 666 1866 728 et
1910 663 2191 744 exemplo
2251 663 2523 727 excitent
2567 664 2631 726 et

273 771 543 853 erigant.
633 771 965 835 Praeterea
1012 769 1330 853 equitatus
1376 771 1521 852 post
1569 771 1817 852 captam
1862 770 2084 834 urbem
2145 769 2548 834 intromissus
2594 788 2630 832 a

274 876 631 959 direptione
678 876 804 941 sibi
852 876 1246 958 temperabit,
1298 875 1404 940 sed
1452 876 1786 959 magistros
1834 875 2122 959 equitum
2169 894 2402 959 suaque
2450 877 2631 960 signa

272 982 607 1047 turmatim
654 984 952 1066 sequetur
971 984 1011 1046 ¹.

491 1089 663 1153 Haec
707 1089 940 1172 legatio
986 1088 1188 1152 libera
1218 1088 1512 1152 veniendi
1560 1088 2010 1171 recedendique
2047 1087 2384 1153 securitate
2429 1088 2630 1171 impe-

274 1196 445 1258 trata
508 1193 797 1278 datisque
867 1195 1166 1277 utrinque
1227 1194 1306 1258 ad
1377 1195 1577 1259 trium
1643 1193 1946 1259 horarum
2012 1194 2292 1276 spatium
2361 1193 2628 1259 indutiis

276 1300 383 1364 25.
432 1299 710 1382 Augusti
774 1300 843 1365 in
889 1302 1113 1365 urbem
1172 1302 1268 1365 est
1329 1299 1603 1366 admissa
1622 1302 1664 1365 2.
1758 1301 1842 1366 Et
1900 1318 2262 1383 quanquam
2324 1300 2406 1365 ad
2449 1301 2630 1384 oppi-
2658 1316 2726 1359 25·
2755 1314 2886 1369 Aue·

275 1406 471 1471 danos
504 1425 719 1471 omnes
765 1407 1130 1489 pertineret,
1179 1426 1315 1471 eam
1346 1409 1560 1472 tamen
1592 1407 1720 1471 nisi
1766 1426 1976 1471 coram
2023 1406 2153 1471 solo
2188 1425 2334 1490 rege
2380 1408 2445 1472 et
2473 1426 2631 1490 pau-

273 1511 552 1577 cissimis
622 1512 846 1577 aulicis
895 1513 1068 1577 obire
1114 1532 1238 1577 non
1284 1513 1491 1578 licuit.
1586 1511 1741 1577 Fuit
1786 1514 1998 1576 autem
2043 1511 2237 1576 huius
2297 1512 2630 1595 legationis

273 1618 433 1683 haec
464 1638 743 1683 summa:
790 1618 1152 1701 Principem
1198 1618 1450 1702 insigne
1494 1618 1863 1684 clementiae
1911 1618 2266 1700 exemplum
2298 1618 2631 1701 oppidanis

276 1724 716 1790 exhibiturum
775 1725 1058 1808 ipsisque
1102 1725 1303 1790 vitam
1349 1725 1735 1791 donaturum
1780 1729 1844 1790 et
1889 1725 2093 1789 omnis
2140 1725 2484 1808 superioris
2531 1726 2633 1789 in-

276 1832 480 1896 iuriae
527 1834 590 1896 et
635 1831 897 1896 admissi
960 1832 1192 1915 flagitii
1253 1832 1620 1897 memoriam
1668 1832 2133 1914 depositurum,
2183 1831 2240 1896 si
2283 1831 2631 1914 impietatis

278 1940 346 2003 et
388 1938 751 2003 rebellionis
815 1938 1084 2021 pertaesi
1143 1938 1413 2002 inermes
1460 1939 1615 2002 urbe
1663 1937 1963 2002 excedant
2008 1955 2268 2021 eamque
2313 1935 2479 2001 *sibi
2523 1936 2632 2001 de-
2657 1952 2753 2024 *μ
2791 1952 2916 2008 535,

279 2043 450 2108 dant.
518 2043 585 2109 Si
615 2063 760 2108 vero
806 2043 974 2107 fflud
1016 2043 1248 2107 facturi
1296 2063 1420 2108 non
1470 2043 1616 2125 sint,
1668 2043 1776 2107 sed
1820 2041 1891 2107 in
1937 2042 2276 2107 rebellione
2323 2042 2630 2126 superiori

278 2149 697 2232 perstiterint,
749 2169 814 2214 se
858 2149 1023 2214 ferro
1071 2151 1135 2214 et
1181 2148 1487 2233 sanguine
1532 2149 1701 2214 viam
1745 2149 2083 2214 facturum.

493 2254 595 2319 Ad
628 2273 785 2338 quae
816 2274 956 2319 rex:
1008 2254 1085 2319 Se
1119 2255 1319 2320 hostis
1353 2255 1772 2337 clementiam,
1816 2274 1974 2338 quae
2007 2274 2180 2319 mera
2209 2255 2294 2320 sit
2322 2254 2630 2338 tyranniS,

281 2360 409 2425 sibi
476 2361 834 2444 populoque
898 2379 1010 2425 suo
1056 2380 1182 2425 non
1229 2362 1476 2443 optare3
1551 2360 1839 2425 sufficere
1908 2359 2035 2425 sibi
2080 2361 2289 2426 Patris
2347 2359 2633 2425 coelestis

498 2573 540 2642 ¹)
578 2613 629 2641 „.
652 2614 665 2628 .
689 2616 699 2627 .
738 2572 849 2627 und
887 2573 975 2626 die
1001 2590 1104 2627 von
1128 2573 1365 2643 reisigen
1405 2573 1506 2640 (wo
1535 2572 1646 2627 Got
1669 2572 1766 2627 das
1791 2572 1954 2643 glnck
1980 2573 2133 2643 gebo,
2171 2573 2259 2627 die
2283 2577 2398 2628 stat
2423 2574 2637 2627 erobert

279 2661 393 2716 und
430 2663 509 2716 sie
543 2663 602 2715 in
640 2661 729 2716 die
766 2665 882 2715 stat
915 2661 1187 2728 kommen)
1242 2661 1415 2714 sollen
1451 2662 1524 2730 by
1563 2662 1685 2715 dem
1721 2661 1893 2715 senlin
1929 2661 2162 2730 bleiben,
2212 2661 2386 2716 davon
2421 2663 2507 2716 nit
2542 2662 2635 2715 ab·

280 2750 521 2805 weichen
548 2750 661 2804 und
686 2749 801 2804 sich
826 2750 1121 2820 plunderns
1148 2750 1432 2804 enthalten
1456 2750 1568 2803 und
1592 2750 1678 2803 uff
1699 2750 1794 2804 der
1817 2750 2064 2804 velthern
2089 2750 2354 2805 bevellich
2377 2748 2635 2803 warten.“

497 2837 540 2908 2)
578 2840 692 2894 Das
726 2839 1006 2909 Folgende
1042 2839 1314 2893 berichtet
1348 2839 1530 2893 Kerss.
1571 2838 1757 2893 allein.
1833 2837 1981 2893 Ganz
2019 2838 2151 2892 kurz
2190 2842 2317 2908 sagt
2352 2855 2455 2892 nur
2489 2838 2526 2892 J
2541 2836 2637 2892 oh.

279 2927 648 2981 Fabricius
684 2926 1029 2981 Bolandus
1071 2926 1158 2981 Bl.
1198 2927 1288 2981 88
1326 2928 1460 2981 iiber
1498 2927 1585 2980 die
1626 2926 2075 2981 Gesandtschaft:

820 3016 937 3084 „En
973 3016 1119 3070 redit
1154 3033 1187 3069 8
1221 3017 1381 3086 rapta
1416 3015 1622 3085 legatio
1661 3015 1919 3085 principis
1957 3015 2105 3083 urbe,

891 3104 1041 3170 Quae
1078 3121 1261 3174 regem
1300 3122 1417 3159 sese
1455 3104 1649 3159 dedere
1686 3103 1833 3158 nolle
1871 3104 2073 3159 canit.“

282 3192 458 3246 Wenn
494 3191 563 3245 D.
589 3191 782 3246 Lilie
820 3192 875 3248 S.
904 3194 1005 3245 241
1048 3192 1272 3261 erzahlt,
1311 3193 1430 3247 dass
1466 3209 1588 3246 vom
1624 3192 2011 3246 bischossichen
2049 3192 2227 3262 Lagei·
2263 3209 2361 3247 8116
2397 3192 2638 3261 ,,11111161·-

280 3280 395 3334 tidt
429 3280 548 3335 vele
585 3280 777 3350 sprake
834 3280 1119 3350 gebolden,
1177 3281 1454 3336 darnmme
1509 3282 1607 3335 dat
1643 3298 1700 3335 se
1737 3281 1893 3335 nicht
1928 3298 2093 3351 gerne
2148 3280 2246 3335 dat
2281 3280 2640 3351 unschuldige

279 3369 435 3424 bloet
469 3373 706 3424 vorstort
741 3369 955 3424 hadden
992 3370 1136 3424 unde
1173 3371 1240 3424 de
1276 3370 1430 3425 stadt
1464 3372 1567 3424 mit
1603 3370 1708 3424 den
1747 3371 1988 3424 scheiten
2025 3370 2373 3438 vordorven,“
2410 3388 2469 3425 so
2507 3370 2641 3424 wird

282 3459 383 3514 das
421 3459 689 3528 bestatigt
725 3458 896 3513 durch
934 3459 1021 3514 die
1058 3458 1407 3514 bischossiche
1444 3459 1785 3513 Instruktion
1841 3476 1963 3513 zum
1999 3459 2204 3514 Kolner
2239 3460 2528 3530 Kreistage
2565 3461 2641 3512 im

283 3548 537 3617 October,
575 3549 633 3602 in
659 3548 755 3602 der
792 3548 887 3603 der
910 3548 1137 3603 Bischof
1169 3549 1464 3602 ausfiihren
1488 3548 1623 3602 laist
1662 3549 1755 3616 (M.
1780 3548 1937 3614 G.-Q.
1956 3548 2034 3617 H,
2057 3549 2210 3616 285):
2250 3549 2386 3618 „Wo
2413 3548 2515 3604 wal
2542 3548 2642 3602 ock

282 3637 402 3691 sine
440 3637 480 3692 f.
508 3655 561 3707 g.
598 3638 655 3691 in
683 3636 898 3691 qucher
922 3637 1187 3707 dapperer
1217 3637 1577 3708 belegeronge
1614 3637 1719 3691 den
1748 3637 2078 3692 inhebberen
2114 3638 2314 3708 velger.
2341 3641 2454 3692 stat
2491 3654 2640 3690 8161·-

281 3726 445 3780 1118116
482 3726 789 3780 schriftlich
825 3726 945 3781 hest
981 3726 1248 3782 anbeiden
1284 3726 1452 3794 laten,
1491 3726 1600 3781 alle
1639 3726 1705 3781 de
1742 3726 1956 3796 ghenne
1993 3726 2094 3781 uth
2132 3727 2227 3781 der
2264 3730 2378 3782 stat
2414 3743 2484 3780 811
2521 3725 2642 3779 zine

282 3815 324 3869 f.
363 3831 416 3884 g.
457 3831 528 3885 up
566 3816 782 3885 gnaden
820 3815 1068 3869 kommen
1105 3816 1215 3869 und
1253 3815 1529 3869 uthwiken
1566 3816 1797 3883 worden,
1851 3832 1966 3869 eres
2004 3815 2188 3869 1616116
2226 3816 2492 3884 sristonge
2531 3814 2642 3868 und

283 3902 544 3958 velicheit
578 3907 636 3958 to
663 3920 832 3974 geven
872 3943 884 3956 .
910 3943 922 3956 .
948 3902 997 3957 .“
1052 3903 1320 3958 Aehnlich
1360 3904 1567 3958 aussert
1603 3904 1720 3957 sich
1757 3903 1853 3957 der
1887 3903 2117 3958 Bischof
2147 3906 2201 3958 in
2244 3905 2418 3958 einem
2453 3903 2641 3957 Hiilfs-

284 3992 490 4061 gesuch
545 4009 616 4046 an
671 3992 776 4046 den
818 3992 1147 4046 Kurfiirsten
1200 4010 1304 4047 von
1342 3992 1437 4047 der
1491 3991 1647 4046 Pfalz
1705 3993 1903 4062 (Kopie
1941 3994 2018 4047 im
2054 3993 2225 4048 St.-A.
2263 3993 2338 4048 M.
2387 3992 2462 4047 M.
2489 3992 2550 4046 L.
2576 3992 2641 4048 A.

284 4078 483 4138 518s19
523 4078 618 4134 IV.
658 4080 751 4135 fol.
788 4079 930 4148 103).
1002 4081 1262 4135 Erhalten
1303 4081 1401 4134 hat
1439 4081 1555 4134 sich
1594 4081 1682 4134 ein
1722 4080 2016 4135 Schreiben
2054 4081 2149 4135 der
2185 4081 2511 4135 Feldhcrren
2549 4097 2643 4134 101·

282 4166 533 4221 Miinster
568 4185 637 4222 an
675 4168 763 4222 die
799 4168 1038 4224 Inhaber
1074 4169 1170 4223 der
1195 4169 1356 4224 Stadt
1393 4186 1515 4222 10111
1552 4170 1640 4224 31.
1667 4169 1784 4223 Juli
1823 4168 2065 4237 (abgedr.
2103 4169 2177 4224 M.
2206 4167 2466 4236 G.-Q.11,
2494 4168 2640 4234 264),

283 4257 344 4309 in
370 4254 493 4309 dem
530 4256 617 4311 die
641 4257 929 4313 Letzteren
964 4258 1283 4312 wiederholt
1320 4258 1416 4312 der
1450 4257 1839 4312 bischossichen
1867 4256 2055 4312 Gnade
2093 4257 2388 4311 versichert
2412 4257 2642 4325 werden,

282 4361 441 4399 wenn
479 4346 557 4400 616
595 4345 683 4400 die
721 4345 894 4401 Sache
931 4347 1027 4400 der
1065 4345 1462 4400 Wiederffinfer
1496 4344 1787 4400 verlassen.
