3259 5075
407 3631 505 3704 Ἴ).
540 3629 664 3687 351.

675 244 804 310 386
1533 245 1715 309 Α11116
1773 246 1938 309 1533
1983 250 2141 310 acta.

674 421 859 487 electi
890 424 1057 502 sunt,
1107 421 1406 487 reducent
1450 421 1664 505 ibique
1710 421 1778 486 in
1809 425 2148 505 conspectu
2178 423 2462 487 omnium
2509 423 3117 506 paroecianorum

674 528 831 612 ipsis
879 527 1072 593 officii
1120 529 1219 592 sui
1265 528 1604 593 admonitis
1653 529 1931 593 oviculas
1977 527 2218 594 Christi
2282 528 2557 594 fideliter
2601 529 3105 607 committent,

676 635 963 701 subditos
1010 655 1273 720 quoque,
1323 654 1446 719 qua
1489 635 1924 701 benevolentia
1969 638 2033 701 et
2077 636 2470 720 benignitate
2517 655 2664 721 erga
2709 636 2905 720 ipsos
2968 637 3105 701 af-

675 741 828 807 fecti
883 761 1016 807 esse
1078 741 1371 823 debeant,
1444 744 2040 807 commemorabunt.
2135 742 2415 807 Tandem
2484 742 2645 807 hanc
2692 743 3099 808 conciona-

675 850 888 913 torum
931 850 1317 916 vocationem
1385 850 1644 934 publica
1686 849 1766 914 ad
1811 850 2015 914 Deum
2061 849 2227 915 facta
2297 848 2732 932 deprecatione
2795 850 3095 916 confir-

677 957 959 1037 mabunt,
1008 957 1119 1040 qui
1163 957 1282 1023 hoc
1328 959 1689 1041 susceptum
1745 956 2172 1021 ministerium
2217 956 2286 1021 111
2332 959 2743 1040 augmentum
2790 956 3089 1041 gloriae

680 1081 826 1127 suae
872 1064 936 1127 et
980 1082 1372 1128 communem
1419 1063 1700 1128 omnium
1749 1062 2017 1128 salutem
2065 1063 2385 1128 fortunare
2434 1061 2751 1147 dignetur.

890 1169 1365 1236 Concionatores
1409 1171 1620 1255 itaque
1653 1170 1744 1236 sic
1776 1170 2049 1235 ordinati
2081 1170 2248 1235 circa
2283 1168 2821 1253 dispensationem
2858 1169 3077 1234 verbi

679 1275 746 1341 et
789 1279 1319 1342 sacramentorum
1387 1296 1502 1341 nec
1562 1296 1689 1342 non
1755 1277 1823 1341 in
1867 1276 2010 1341 aliis
2080 1276 2520 1342 ecclesiasticis
2589 1275 3071 1341 functionibus

681 1384 881 1447 certas
912 1381 1141 1448 formas
1176 1403 1246 1448 ac
1278 1383 1657 1449 ceremonias
1691 1383 1882 1448 sacris
1930 1383 2132 1448 literis
2179 1384 2525 1449 conformes
2560 1402 2707 1448 cum
2747 1384 3064 1463 senatus,

679 1488 1084 1555 tribunorum
1127 1510 1199 1556 ac
1229 1490 1738 1556 mechanicorum
1784 1490 2244 1573 praefectorum
2291 1509 2597 1555 consensu
2644 1491 2709 1554 et
2753 1489 3066 1554 auctori-

679 1596 810 1661 tate
855 1596 1243 1662 constituent
1286 1597 1788 1681 constitutasque
1833 1596 2132 1662 inviolate
2180 1598 2539 1662 servabunt.

894 1702 1220 1768 Praeterea
1264 1722 1409 1768 cum
1462 1702 1815 1787 plurimum
1859 1702 2244 1785 reipublicae
2293 1701 2565 1783 intersit,
2613 1704 2689 1767 ut
2733 1701 3059 1767 iuventus

680 1808 837 1874 bene
883 1808 1184 1874 educetur
1226 1812 1292 1874 et
1336 1808 1719 1892 quotidianis
1766 1808 2078 1874 virtutum
2124 1807 2529 1873 incrementis
2576 1809 2925 1874 exercitata
2960 1808 3053 1872 ad

680 1915 972 1998 publicae
1004 1914 1319 1980 societatis
1365 1915 1792 2000 gubernacula
1822 1914 2154 1995 adolescat,
2203 1917 2457 1980 senatus
2488 1914 2699 1979 virum
2737 1915 3048 1997 probum,

680 2021 863 2104 pium
909 2023 975 2086 et
1017 2020 1274 2085 doctum
1320 2020 1567 2086 scholae
1611 2020 1902 2104 publicae
1967 2020 2316 2103 praeficiet‚
2365 2020 2477 2104 qui
2523 2040 2668 2085 cum
2715 2020 3044 2085 examina-

681 2128 928 2193 toribus
974 2126 1234 2193 661131116
1281 2127 1740 2194 communicato
1789 2146 1876 2208 ea,
1926 2145 2084 2211 quae
2130 2126 2210 2190 ad
2256 2126 2695 2191 scholasticam
2741 2126 3041 2209 discipli-

683 2252 829 2299 nam
897 2233 1244 2299 necessaria
1289 2234 1351 2298 et
1394 2234 1583 2299 utilia
1649 2252 1781 2298 esse
1828 2232 2229 2315 videbuntur,
2302 2235 2524 2298 senatu
2585 2235 2838 2298 auctore
2882 2251 3037 2296 con-

685 2342 910 2407 stituet
929 2343 969 2405 ¹.

897 2446 997 2511 Ad
1042 2446 1195 2511 haec
1241 2446 1364 2511 duo
1412 2467 1450 2511 a
1495 2449 1715 2512 senatu
1785 2445 2038 2529 publico
2108 2445 2420 2529 stipendio
2468 2445 2764 2511 conducti
2825 2464 3033 2509 sacras

685 2553 900 2618 literas
947 2555 1010 2619 et
1053 2553 1282 2643 veteris
1329 2556 1392 2618 et
1436 2553 1580 2619 novi
1648 2553 2008 2619 testamenti
2055 2553 2267 2636 legent
2312 2557 2375 2618 et
2421 2553 3026 2637 interpretabuntur,

686 2659 790 2724 cui
822 2659 912 2724 rei
957 2659 1130 2724 locus
1162 2660 1524 2725 commodus
1559 2659 2011 2743 designabitur.
2070 2661 2145 2725 In
2179 2659 2447 2742 singulis
2494 2659 2800 2742 paroeciis
2845 2679 3027 2744 gazo-

686 2764 965 2849 philacia
1021 2765 1344 2848 erigentur
1410 2765 1779 2850 diaconique
1839 2766 2169 2850 eligentur,
2242 2765 2353 2849 qui
2414 2765 2635 2830 diebus
2696 2764 3025 2830 dominicis

687 2872 978 2938 collectas
1026 2873 1144 2936 sub
1178 2873 1469 2937 concione
1514 2873 1811 2955 pecunias
1853 2872 2131 2956 aliasque
2179 2872 2505 2955 pensiones
2538 2871 2779 2936 ratione
2821 2873 3023 2936 trans-

687 2978 951 3044 actionis
998 2978 1164 3042 inter
1231 2977 1580 3062 principem
1628 2982 1692 3044 et
1739 2980 2027 3043 senatum
2095 2978 2289 3043 initae
2310 2980 2336 3017 ²
2380 2979 2504 3061 piis
2551 2978 2775 3042 usibus
2833 2977 3019 3043 desti-

688 3087 866 3151 natas
911 3104 1058 3149 vera
1102 3087 1469 3168 paupertate
1514 3085 1770 3150 afflictis
1819 3086 2091 3168 erogent.

905 3190 1167 3255 Senatus
1215 3189 1371 3255 duos
1418 3191 1583 3256 viros
1631 3192 1908 3272 solertes,
1960 3191 2115 3255 duos
2162 3209 2410 3274 quoque
2458 3190 2720 3272 tribuni,
2770 3193 2832 3255 et
2872 3190 3016 3255 toti-

688 3294 830 3360 dem
875 3295 1381 3361 mechanicorum
1450 3297 1741 3379 magistri
1789 3296 2201 3378 constituent,
2250 3295 2362 3379 qui
2409 3315 2521 3378 per
2565 3298 2765 3361 totam
2809 3297 3012 3361 urbem

691 3401 1093 3483 publicorum
1137 3401 1565 3466 mendicorum
1612 3421 1831 3467 curam
1874 3404 2157 3485 gerentes
2203 3404 2490 3467 accurate
2538 3402 2614 3466 de
2656 3422 2869 3468 eorum
2908 3422 3011 3486 pa-

689 3507 833 3589 tria,
902 3507 977 3572 de
1022 3507 1389 3590 parentibus
1437 3510 1501 3572 et
1545 3508 1930 3589 educatione,
1996 3509 2072 3573 de
2119 3508 2283 3573 vitae
2329 3508 2707 3590 innocentia,
2776 3510 2845 3573 de
2886 3529 3010 3574 cor-

688 3614 859 3698 poris
906 3613 1387 3696 imbe*cillitate,
1439 3615 1793 3700 quibusque
1827 3615 2137 3681 exercitiis
2171 3617 2300 3682 sint
2329 3617 2641 3700 occupati,
2689 3617 3005 3703 inquirent,

690 3723 765 3785 ut
811 3721 1216 3804 eleemosynis
1265 3720 1444 3805 digni
1490 3722 1679 3786 certis
1726 3723 1892 3787 notis
1938 3722 2231 3806 insigniti
2275 3721 2546 3805 alantur,
2594 3725 2837 3808 indigni
2877 3743 3006 3789 vero

691 3846 764 3892 ac
793 3827 997 3911 ignoti
1042 3827 1122 3892 ad
1168 3846 1312 3892 suos
1345 3827 1719 3911 relegentur.
1783 3828 1947 3893 Nam
1992 3827 2469 3912 impudentibus
2515 3850 2694 3915 saepe
2727 3829 3004 3896 mendicis

689 3933 855 3999 male
900 3934 1239 4017 erogantur
1283 3933 1727 4018 eleemosynae.

909 4093 950 4161 ι)
987 4092 1106 4147 Von
1160 4092 1255 4147 der
1292 4093 1621 4163 Errichtung
1676 4094 1824 4147 einer
1879 4091 2293 4162 evangelischen
2338 4091 2536 4146 Schule
2592 4095 2798 4149 crzahlt
2843 4095 3002 4150 Xerse.

692 4180 873 4252 gleich
909 4181 1094 4235 weiter
1128 4186 1313 4236 unten.
1386 4181 1637 4237 Darirber
1673 4182 1816 4250 aber,
1861 4180 1981 4235 dass
2021 4182 2139 4234 eine
2176 4179 2596 4250 Schulordnung
2632 4182 2861 4237 wirklich
2890 4200 2999 4238 aus-

692 4269 997 4342 gcarbeitet
1030 4268 1228 4336 mdo,
1265 4269 1407 4324 fehlt
1435 4269 1565 4340 Jede
1602 4268 1919 4324 Nachricht.

908 4356 953 4427 ²)
988 4356 1117 4427 vgl.
1151 4357 1252 4412 Bd.
1281 4360 1310 4412 1
1350 4358 1406 4413 S.
1442 4359 1547 4413 376
1582 4357 1795 4413 Artikel
1833 4359 1864 4412 7
1902 4357 1997 4411 (163
2035 4356 2345 4427 Vertrages.
