3259 5075
1218 356 1398 420 Anno
1453 357 1623 445 1534
1670 357 1827 420 acta.
2564 356 2694 420 679

551 532 728 597 Inter
773 534 1020 614 portam
1065 531 1539 614 Neopontanam
1584 532 1650 595 et
1694 530 1935 614 CruciS,
1985 531 2167 616 quasi
2208 551 2280 597 ea
2322 550 2467 614 pars
2514 531 2691 595 urbis

345 636 806 703 defen*soribus
863 637 1103 702 nudata
1148 638 1329 718 esset,
1400 637 1650 702 hostem
1718 638 1992 721 primam
2054 637 2286 703 fossam
2331 637 2693 721 vallumque
2720 656 2816 725 *1³-
2853 655 2977 710 539.

346 762 638 825 superare
686 742 966 808 sinunt¹.
1061 743 1136 807 Id
1181 762 1328 807 cum
1373 744 1748 826 posteriores
1796 743 2384 824 animadverterent,
2455 743 2694 826 priores

342 849 411 912 in
441 850 662 914 urbem
697 848 964 913 evasisse
998 849 1379 931 existimant,
1429 868 1658 933 magno
1705 850 1970 934 proinde
2002 850 2146 915 nisu
2193 850 2693 934 subsequuntur3

343 954 506 1019 alius
553 955 754 1019 alium
799 954 880 1018 ad
923 954 1351 1019 invadendum
1382 957 1447 1019 et
1490 957 1702 1020 verbis
1734 958 1799 1021 et
1842 955 2108 1020 nutibus
2154 955 2505 1020 extimulat.
2574 956 2695 1020 Re-

341 1061 531 1125 tincti
564 1081 708 1126 vero
741 1061 811 1125 in
841 1060 1094 1125 insidiis
1125 1061 1437 1145 tectisque
1481 1061 1976 1146 propugnaculis
2023 1061 2347 1126 latitantes
2393 1062 2458 1126 et
2487 1060 2698 1125 omnia

343 1167 424 1230 ad
454 1167 859 1232 mactandum
906 1169 1124 1251 parata
1167 1167 1489 1247 habentes,
1537 1166 1653 1232 ubi
1701 1168 1854 1232 satis
1886 1167 2170 1232 hostium
2203 1164 2444 1231 vallum
2487 1167 2697 1231 trans-

338 1273 467 1338 isse
513 1275 839 1356 putarent,
889 1276 1067 1339 tanto
1113 1274 1385 1338 telorum
1455 1273 1710 1338 turbine
1769 1292 1872 1339 eos
1919 1273 2228 1338 invadunt
2274 1274 2338 1338 et
2382 1272 2461 1336 ad
2508 1272 2697 1337 satie-

339 1381 539 1444 tatem
585 1382 896 1462 sternunt,
946 1381 1021 1444 ut
1065 1379 1254 1463 pauci
1299 1399 1364 1444 39
1396 1379 1548 1463 fuga
1591 1380 1921 1462 eriperent.
1984 1379 2124 1444 Non
2157 1378 2327 1443 enim
2372 1379 2558 1443 aliter
2600 1378 2699 1442 ibi

341 1484 935 1568 chyrobombardae,
985 1504 1178 1568 quam
1225 1503 1598 1568 arengarum
1630 1505 1746 1549 ova
1791 1485 1859 1549 in
1904 1485 2116 1568 ignem
2162 1486 2442 1551 coniecta
2471 1487 2701 1551 sonant

341 1592 406 1655 et
451 1590 584 1654 sine
652 1590 1118 1657 intermissione
1164 1593 1441 1674 crepant.
1535 1591 1638 1656 Ita
1682 1590 1923 1674 repulsi
1984 1591 2163 1656 novis
2225 1611 2407 1675 saepe
2450 1592 2699 1657 viribus

339 1696 708 1778 impellente
740 1697 1029 1781 equitatu
1074 1697 1550 1781 impressionem
1597 1697 2032 1780 redintegrant
2077 1716 2336 1781 eamque
2367 1698 2446 1763 ad
2477 1718 2696 1782 vespe-

342 1822 477 1867 ram
511 1803 647 1868 eius
678 1803 807 1868 diei
850 1823 1081 1887 magna
1126 1822 1386 1869 suorum
1417 1805 1628 1886 strage
1672 1802 1912 1868 frustra
1958 1803 2345 1869 continuant.
2413 1805 2696 1869 Tandem

340 1909 473 1973 vivi
501 1909 922 1974 diuturnitate
947 1911 1434 1993 oppugnationis
1460 1909 1811 1993 defatigati,
1846 1909 2221 1974 lassitudine
2244 1903 2700 1992 propemodum

343 2015 680 2080 exanimati
725 2016 1220 2099 vulneribusque
1289 2017 1556 2082 confecti
1603 2036 1727 2081 non
1777 2015 1981 2081 solum
2049 2036 2260 2081 muros
2308 2019 2373 2082 et
2417 2037 2697 2101 3889193,

343 2139 562 2184 verum
607 2121 800 2186 etiam
844 2121 1157 2186 fossarum
1201 2141 1393 2207 aquas
1440 2133 1504 2186 et
1548 2141 1801 2203 campos
1873 2121 2176 2205 sanguine
2222 2142 2481 2188 suorum
2527 2143 2697 2188 com-

340 2226 706 2290 militonum
737 2226 962 2290 rubere
993 2228 1055 2291 et
1087 2227 1419 2291 innumera
1450 2227 1751 2291 cadavera
1795 2227 2030 2308 passim
2070 2230 2384 2311 prostrata
2414 2229 2695 2294 videntes

340 2351 518 2414 spem
563 2333 906 2415 potiundae
951 2335 1129 2399 urbis
1177 2334 1505 2399 abiiciunt.
1601 2335 1808 2399 Duces
1856 2335 2051 2401 etiam
2095 2335 2334 2400 milites
2380 2335 2448 2400 in
2496 2355 2695 2420 angu-

343 2441 514 2504 stum
560 2440 865 2506 adductos
913 2460 1045 2506 esse
1107 2440 1448 2506 sentientes
1518 2440 1865 2524 desperatis
1913 2440 2094 2525 quasi
2156 2441 2283 2506 iam
2331 2444 2515 2507 rebus
2564 2443 2696 2508 suis

339 2547 623 2630 receptui
667 2551 904 2613 canunt
966 2547 1367 2633 integrosque
1428 2549 1671 2632 pedites
1719 2548 1798 2613 ad
1844 2550 2052 2613 castra
2096 2552 2407 2615 revocant.
2500 2550 2699 2615 Multi

339 2653 738 2719 semianimes
784 2654 953 2718 inter
999 2654 1300 2719 cadavera
1343 2653 1475 2719 fusi
1521 2656 1841 2738 resumpto
1897 2653 2133 2737 spiritu
2176 2654 2245 2719 in
2291 2655 2501 2738 quiete
2545 2674 2697 2720 noc-

336 2760 529 2823 turna
571 2759 673 2824 vel
719 2760 798 2825 ad
846 2762 1051 2825 castra
1096 2759 1332 2843 repunt
1374 2760 1475 2824 vel
1524 2779 1594 2824 eo
1641 2759 2015 2825 deferuntur
2034 2763 2072 2826 θ.
2142 2761 2291 2826 Dici
2333 2760 2439 2826 vix
2484 2764 2692 2846 queat,

338 2866 615 2952 quantus
661 2864 730 2928 in
775 2865 1000 2930 castris
1071 2865 1267 2931 fuerit
1323 2866 1537 2931 luctus
1583 2865 1867 2930 virorum
1929 2867 2285 2933 carissimos
2334 2887 2477 2933 suos
2525 2887 2697 2933 com-

338 2969 661 3036 militones
707 2970 1232 3054 desiderantium,
1305 2975 1580 3056 quantus
1626 2973 1814 3037 fletus
1861 2972 2336 3039 vulneratorum
2395 2974 2697 3039 intolera-

338 3075 535 3166 bilem
579 3077 933 3144 cruciatum
981 3079 1409 3160 sentientium,
1458 3081 1736 3162 quantus
1782 3078 2068 3143 ululatus
2135 3079 2515 3145 feminarum
2559 3100 2696 3146 ma-

340 3182 495 3247 ritos
543 3183 806 3249 amissos
855 3185 1285 3268 querentium!
1355 3185 1424 3251 Si
1456 3185 1744 3251 retinctis
1790 3205 1917 3250 non
1961 3185 2189 3251 fuisset
2244 3186 2399 3251 satis
2447 3186 2695 3252 hostem

339 3308 376 3354 a
422 3289 751 3355 moenibus
818 3291 1191 3375 propulisse,
1265 3291 1374 3356 sed
1419 3291 1489 3356 in
1534 3294 1716 3356 tanta
1782 3291 2256 3375 perturbatione
2317 3291 2692 3375 erupissent,

337 3398 545 3461 castra
605 3395 849 3480 aliquot
912 3397 1047 3463 sine
1095 3398 1289 3462 dubio
1336 3397 1656 3463 fudissent
1699 3399 1763 3463 et
1808 3398 2230 3463 internecione
2291 3396 2690 3464 delevissent.

334 3502 412 3566 Id
459 3521 606 3567 cum
649 3503 833 3568 miles
879 3506 1206 3587 metueret,
1257 3505 1509 3588 vigilias
1556 3507 1894 3570 nocturnas
1941 3507 2229 3571 accurate
2275 3503 2560 3588 disponit
2578 3506 2621 3570 ⁸.

556 3717 596 3783 ¹)
633 3714 754 3770 Nur
789 3732 893 3769 von
931 3717 1111 3770 Kerss.
1150 3715 1484 3770 iiberliefert.

552 3803 595 3872 ⁹)
632 3804 791 3858 Nach
829 3804 973 3860 Joh.
1010 3806 1385 3859 Fabricius
1422 3803 1773 3859 Bolandus
1810 3805 1895 3860 Bl.
1933 3805 2059 3860 '1¹52

730 3894 930 3963 „Repit
968 3897 1023 3948 et
1059 3894 1165 3947 huc
1199 3897 1365 3948 noctu
1402 3910 1542 3965 quae
1578 3911 1706 3964 pars
1745 3899 1829 3948 est
1865 3896 2066 3964 saucia,
2105 3894 2306 3949 multos

835 3983 982 4036 Mors
1021 3983 1215 4036 adimit
1251 3982 1405 4052 13180
1444 3982 1566 4036 fusa
1603 3999 1791 4037 cruore
1828 3983 1986 4037 viros

730 4069 1035 4125 Semineces
1073 4072 1204 4125 socii
1244 4074 1534 4140 superante
1571 4071 1757 4125 dolore
1795 4075 2073 4141 gementes

834 4158 900 4212 In
939 4175 1038 4213 3113
1075 4162 1339 4213 nocturno
1379 4163 1620 4229 ternpore
1660 4162 1808 4214 tecta
1845 4160 2097 4229 gerunt.“

551 4246 594 4312 ⁸)
633 4247 704 4302 So
742 4248 880 4302 auch
919 4247 1065 4304 Joh.
1104 4249 1491 4303 Fabricius
1528 4248 1888 4303 Bolandus
1926 4264 1977 4304 3.
2004 4249 2167 4304 a..0.:

728 4335 1007 4407 „Cumque
1044 4341 1222 4391 metus
1259 4337 1402 4391 foret
1436 4337 1543 4391 huc
1579 4337 1755 4392 hostis
1791 4338 2005 4391 ruitura
2040 4355 2137 4407 per
2173 4341 2324 4392 astus

830 4425 1081 4496 Agmina,
1117 4426 1434 4495 noctivagas
1472 4441 1586 4479 sors
1624 4425 1762 4480 facit
1797 4425 2105 4480 excubias.“
