3259 5075
574 260 710 328 486
1437 261 1621 328 Anno
1674 263 1844 329 1534
1889 266 2048 329 acta.

577 438 711 503 foro
758 437 964 503 delusi
1009 437 1204 504 simul
1249 458 1382 505 sese
1427 459 1575 506 cum
1612 439 2183 526 Knipperdollingo
2230 441 2312 506 ad
2356 441 2536 507 mdes
2583 460 2730 507 suas
2775 443 2927 507 sub-

579 544 840 611 ducunt.
910 544 1013 610 Ibi
1058 545 1666 631 Knipperdollingus
1713 565 1891 630 novo,
1940 546 2051 613 sed
2080 547 2324 613 mitiori
2368 568 2558 633 quam
2602 548 2779 632 prius
2824 548 2929 613 fu-

582 651 742 717 roris
787 671 1013 737 genere
1058 653 1410 738 exagitatus
1455 653 1525 718 in
1557 653 1786 738 angulo
1833 654 2084 720 aedium
2115 674 2375 720 suarum
2419 655 2662 720 foribus
2707 657 2927 739 paten-

578 757 754 824 tibus
800 758 879 824 ad
926 757 1233 841 parietem
1277 778 1611 825 conversus
1659 779 1806 825 cum
1836 761 2020 826 Patre
2051 762 2305 827 coelesti
2350 761 2531 828 nobis
2562 761 2927 828 videntibus

579 865 646 929 et
688 864 1093 931 audientibus
1126 885 1191 931 se
1220 865 1397 951 loqui
1441 867 1704 933 simulat
1734 868 1797 933 et
1842 868 2121 951 plurima
2165 867 2245 933 ad
2273 868 2640 952 popularem
2685 867 2929 933 intelli-

579 972 862 1056 gentiam
907 991 1033 1038 non
1077 973 1543 1039 accommodata
1587 993 1702 1039 nec
1732 974 1904 1040 iusta
1948 976 2106 1041 serie
2151 973 2567 1057 cohaerentia,
2616 974 2721 1040 sed
2756 992 2930 1039 more

577 1077 963 1145 furiosorum
1029 1080 1299 1163 abrupta
1366 1098 1535 1145 nunc
1580 1080 1912 1146 manifeste
1979 1080 2283 1165 loquitur,
2354 1099 2522 1145 nunc
2568 1078 2930 1144 clanculum

578 1183 896 1251 mussitat.
988 1185 1271 1250 Tandem
1331 1184 1715 1271 defatigatus
1760 1186 1830 1251 in
1874 1187 2131 1253 intimas
2191 1187 2413 1253 domus
2461 1205 2611 1252 suae
2652 1186 2927 1251 latebras

582 1290 977 1375 spumivomo
1025 1310 1129 1357 ore
1174 1311 1240 1357 se
1283 1291 1592 1375 recipiens
1638 1292 1751 1358 isti
1796 1294 2150 1376 spectaculo
2197 1293 2388 1358 finem
2433 1292 2725 1377 imponit.

795 1396 1072 1477 Quidam
1100 1398 1292 1464 etiam
1335 1399 1523 1464 homo
1556 1400 1780 1465 obesus
1829 1400 2197 1484 statutaque
2242 1400 2570 1484 oblongus,
2621 1399 2690 1464 in
2719 1398 2929 1464 Scotia

580 1505 789 1586 natus,
836 1503 965 1568 huc
993 1504 1156 1569 forte
1202 1503 1457 1570 fortuna
1485 1503 1752 1588 delatuS,
1800 1505 1930 1589 qui,
1980 1524 2125 1569 cum
2169 1524 2409 1589 pauper
2438 1506 2619 1589 esset,
2666 1504 2931 1570 vicatim

583 1609 708 1676 sibi
753 1610 997 1676 victum
1055 1612 1420 1694 quaerebat,
1491 1611 1599 1675 ln'c
1668 1613 2047 1677 subornatus
2093 1614 2158 1677 et
2200 1612 2468 1695 pecunia
2513 1632 2550 1678 a
2593 1611 2928 1696 flagitiosis

582 1716 929 1782 conductus
976 1717 1100 1800 est,
1164 1718 1238 1782 ut
1281 1719 1588 1783 nocturno
1649 1719 1929 1802 tempore
1995 1738 2109 1803 per
2166 1718 2405 1803 plateas
2473 1718 2930 1801 poenitentiam

582 1823 953 1889 clamitaret.
1017 1823 1178 1890 Cum
1210 1825 1374 1890 esset
1402 1842 1642 1906 caecus,
1690 1844 1769 1889 ne
1799 1843 1984 1890 caeno
2030 1825 2383 1907 platearum
2415 1843 2549 1889 sese
2595 1823 2926 1907 pollueret,

584 1930 744 1995 altos
813 1929 1083 2014 pedibus
1150 1950 1411 2015 perones
1474 1931 1688 2013 aptat3
1758 1930 1908 1995 hinc
1968 1929 2150 2013 quasi
2215 1930 2677 2013 anabaptistico
2725 1932 2928 1995 oestro

543 2092 558 2110 .
583 2036 834 2103 afflatus
882 2036 1168 2119 cursitat,
1220 2035 1672 2120 poenitentiam
1716 2036 2001 2101 clamitat
2045 2033 2450 2121 *coelumque
2495 2036 2932 2102 admirandam

586 2144 651 2209 et
694 2143 1047 2209 terribilem
1111 2142 1337 2208 faciem
1395 2143 1710 2207 ostentare
1756 2141 2133 2208 vociferatur
2197 2145 2386 2226 atque
2429 2143 2526 2208 ita
2568 2142 2803 2207 multos
2850 2140 2931 2206 ad

582 2252 967 2316 nocturnum
1034 2248 1464 2332 spectaculum
1530 2250 1830 2332 provocat
1888 2248 2224 2333 eademque
2290 2248 2652 2332 frequenter
2717 2246 2926 2312 iterat.

582 2356 866 2422 Tandem
910 2375 1055 2420 cum
1100 2354 1180 2420 ad
1224 2354 1497 2439 plateam
1558 2354 1795 2439 regiam
1841 2354 2193 2424 devenisset
2261 2355 2627 2439 coelumque
2671 2353 2932 2418 iamiam

585 2482 882 2529 casurum
912 2461 1083 2527 edita
1111 2479 1260 2526 voce
1304 2459 1741 2544 ingeminaret,
1789 2460 1926 2545 ipse
1970 2459 2066 2526 ibi
2099 2461 2167 2526 iu
2198 2480 2501 2547 magnum
2544 2461 2759 2527 mollis
2803 2460 2932 2525 luti

584 2570 912 2636 cumulum
957 2569 1291 2654 prolapsus
1337 2570 1546 2636 subito
1592 2570 1867 2636 obticuit
1909 2590 2110 2655 neque
2153 2574 2298 2655 post
2342 2571 2508 2636 illud
2553 2573 2802 2655 tempus
2850 2570 2932 2636 ad

584 2676 860 2743 similem
905 2675 1189 2741 fabulam
1231 2675 1652 2759 peragendam
1696 2675 1848 2741 ullis
1893 2675 2196 2759 pollicitis
2243 2678 2648 2761 quantumvis
2682 2676 2931 2742 eximiis

579 2782 804 2849 induci
845 2783 1077 2867 potuit.
1207 2860 1212 2864 ,

795 2890 1059 2956 Iodocus
1106 2907 1354 2974 quoque
1399 2888 1833 2973 Calenburgus
1863 2888 2078 2954 eodem
2124 2888 2357 2972 spiritu
2402 2889 2680 2973 agitatus
2722 2888 2933 2955 conci-

582 2998 716 3062 tato
748 3015 904 3081 equo
950 2996 1231 3062 insidens
1263 3015 1516 3062 sursum
1546 2995 1962 3079 deorsumque
2007 3014 2122 3080 per
2149 2995 2320 3061 vicos
2357 2994 2563 3060 fertur
2592 2996 2657 3061 et
2685 2997 2932 3061 coelum

583 3102 905 3168 ruiturum
974 3102 1237 3167 nunciat
1282 3121 1354 3168 ac
1400 3100 1769 3166 admiranda
1814 3120 1880 3166 se
1925 3100 2137 3168 videre
2196 3101 2553 3184 multasque
2611 3101 2933 3186 myriades

584 3208 949 3293 angelorum
995 3227 1063 3274 se
1107 3208 1463 3293 prospicere
1532 3208 1835 3273 clamitat.
1929 3206 2096 3272 Hinc
2163 3206 2394 3271 mulier
2437 3206 2745 3290 quaedam
2805 3226 2934 3273 non

584 3313 866 3379 absimili
910 3313 1121 3379 furore
1165 3314 1480 3379 concitata
1523 3333 1637 3396 per
1682 3331 1895 3378 omnes
1942 3313 2117 3377 urbis
2154 3312 2323 3377 vicos
2370 3312 2686 3377 cursitans
2731 3312 2933 3378 tantis

586 3418 967 3485 clamoribus
1012 3419 1091 3485 ad
1135 3420 1637 3504 resipiscentiam
1683 3438 1897 3484 omnes
1942 3418 2201 3500 invitat,
2270 3419 2347 3483 ut
2389 3435 2650 3502 prorsus
2712 3437 2934 3484 rauce-

587 3527 786 3592 sceret
829 3545 943 3591 nec
973 3544 1188 3591 vocem
1217 3526 1418 3591 ullam
1463 3525 1738 3609 amplius
1770 3525 1949 3591 edere
1994 3524 2221 3609 posset.
2283 3524 2377 3590 Ne
2407 3526 2621 3590 tamen
2667 3524 2935 3609 spiritus

586 3631 980 3715 suggestioni
1024 3630 1216 3715 desit,
1287 3632 1498 3698 nolam
1540 3632 1756 3698 ovium
1805 3651 1842 3697 a
1885 3633 2062 3716 tergo
2107 3631 2378 3715 cyngulo
2423 3630 2724 3713 annectit,
2774 3649 2937 3715 quae

585 3737 855 3804 tremulo
902 3757 1095 3804 cursu
1156 3739 1394 3824 agitata
1438 3739 1574 3805 sine
1617 3738 2083 3804 intermissione
2130 3739 2311 3804 sonat
2353 3739 2542 3820 atque
2585 3737 2679 3802 ita
2722 3735 2934 3802 homi-

581 3863 742 3910 num
788 3863 897 3910 ora
939 3845 1177 3928 passim
1221 3844 1292 3910 in
1337 3863 1402 3910 se
1438 3844 1751 3911 convertit
1794 3846 1876 3923 et,
1925 3843 2087 3928 quod
2136 3862 2286 3910 voce
2331 3844 2616 3927 negatur,
2664 3843 2936 3907 nutibus

585 3953 651 4016 et
696 3950 894 4034 signis
941 3950 1209 4035 perficit.
1264 3950 1596 4017 Praeterea
1640 3951 1871 4015 mulier
1913 3948 2223 4034 quaedam
2268 3950 2346 4016 de
2374 3950 2935 4033 Tyrnmermanns-

588 4056 735 4122 sche
752 4058 779 4098 ¹
823 4056 1278 4141 poenitentiam
1323 4058 1390 4122 et
1431 4057 1935 4142 resipiscentiam
1977 4076 2091 4140 per
2134 4055 2305 4123 vicos
2350 4056 2670 4139 clamitat3
2716 4074 2935 4140 regem

803 4217 848 4285 ¹)
882 4216 996 4272 Aus
1033 4216 1156 4271 dem
1192 4215 1523 4271 Gesttndnis
1558 4214 1784 4271 Jalrob’s
1818 4232 1924 4270 von
1960 4214 2277 4270 Osnabrfick
2321 4213 2397 4283 (J.
2433 4214 2599 4269 Nies
2614 4216 2742 4268 ert:
2780 4212 2935 4269 U.-S.

585 4304 633 4362 I.
670 4304 726 4361 S.
766 4304 910 4375 155),
965 4322 1046 4360 wo
1084 4322 1142 4361 es
1178 4304 1324 4359 dann
1377 4305 1567 4359 weiter
1599 4304 1795 4359 heifst:
1837 4301 2221 4374 „Deisglichen
2259 4320 2322 4374 sy
2356 4320 2462 4358 von
2496 4302 2673 4357 vielen
2711 4302 2936 4370 andern,

583 4411 648 4450 so
684 4393 791 4451 den
826 4394 974 4467 geist
1006 4393 1229 4467 gehadt,
1266 4392 1382 4449 also
1418 4393 1520 4448 wie
1555 4409 1706 4464 vorg.
1741 4391 2076 4465 ussgeruffen
2112 4392 2240 4447 umb
2275 4391 2527 4463 penitens
2565 4406 2633 4446 zu
2668 4389 2859 4447 thun.“
