3259 5075
24 4422 49 5019 ..ffl-——ffl—-f
24 4272 25 4349 “⁴⁴

1143 248 1329 315 Anno
1381 251 1549 317 1533
1599 250 1757 315 acta.
2491 251 2627 316 433

260 425 591 490 mentibus
660 424 875 490 infusa
938 425 1151 490 fuerit.
1267 427 1506 491 Datum
1569 446 1733 493 anno
1793 425 2053 492 Domini
2123 427 2323 509 1533,
2401 426 2504 490 die
2564 427 2625 492 3.

511 531 527 546 .
582 534 603 571 ι
635 534 670 566 κ

262 531 923 703 Οοωὴῗῖῗιὺίιιιιαωιιιε
970 638 1228 722 quidem
1294 639 1713 724 chirographo
1773 639 1900 705 isto
1947 658 2079 721 suo,
2129 638 2286 722 quid
2344 638 2630 704 facturus

265 743 374 826 sit,
427 743 580 809 satis
615 743 912 809 declarat.
985 743 1253 809 Senatus
1283 746 1498 810 tamen
1544 743 1621 809 de
1654 743 1780 810 fide
1824 744 2025 827 illiue,
2074 763 2264 828 quam
2293 743 2628 828 aliquoties

264 850 614 916 violaverat
633 851 676 932 ²,
725 849 1018 915 dubitare
1064 850 1291 934 coepit.
1383 850 1532 914 Ideo
1576 849 1819 933 legatos
1867 869 2013 915 suos
2057 850 2342 934 Reynam
2400 850 2624 931 mittit,

264 976 392 1042 quo
424 957 721 1040 princeps
753 956 1117 1020 dioecesam
1146 956 1405 1021 comitia
1446 955 1785 1021 habiturus
1823 957 1994 1021 sexto
2027 956 2318 1022 Octobris
2348 957 2624 1037 venerat,
2652 980 2696 1022 c.
2724 974 2833 1020 oet.

264 1063 380 1147 qui
424 1063 495 1128 in
541 1082 837 1128 consessu
881 1081 1213 1146 procerum
1257 1061 1682 1127 miserandam
1727 1062 1906 1127 urbis
1937 1064 2002 1127 et
2046 1062 2372 1146 religionis
2403 1062 2632 1128 faciem

263 1170 830 1234 commemorarent
844 1169 892 1233 ⁸.
953 1167 1192 1233 Urbem
1235 1166 1518 1233 dissidiis
1567 1169 1634 1233 et
1678 1168 1960 1233 motibus
2004 1168 2275 1234 internis
2322 1170 2627 1252 aestuare,

263 1293 561 1359 magnam
632 1274 842 1357 plebei
887 1273 1128 1339 ordinis
1188 1275 1434 1356 partem
1478 1274 1549 1338 in
1594 1273 1804 1340 officio
1866 1294 1993 1340 non
2050 1294 2232 1358 posse
2299 1274 2627 1358 contineri,

264 1380 377 1446 sed
421 1379 831 1464 magistratui
877 1380 1255 1463 obstrepere,
1304 1380 1661 1446 doctrinam
1703 1380 1971 1446 vetitam
2017 1401 2056 1446 a
2082 1381 2483 1447 Rothmanno
2528 1382 2629 1446 in-

265 1488 513 1552 vectam
558 1486 752 1551 etiam
796 1505 944 1551 cum
988 1487 1156 1552 vitae
1215 1486 1497 1572 periculo
1544 1487 1747 1569 tueri3
1820 1486 2032 1552 omnia
2093 1488 2418 1554 intestinis
2464 1487 2628 1553 odiis

261 1593 551 1676 flagrare,
600 1611 815 1657 veram
859 1592 1230 1676 religionem
1261 1596 1326 1658 et
1371 1593 1797 1679 evangelicam
1827 1594 2182 1659 doctrinam
2225 1594 2395 1660 inter
2426 1593 2628 1660 schis-

263 1700 437 1764 mata
504 1699 840 1782 fluctuare,
909 1700 1078 1764 nihil
1140 1699 1356 1784 itaque
1416 1700 1588 1765 intra
1654 1701 1904 1766 moenia
1966 1702 2182 1765 tutum
2228 1719 2389 1782 esse,
2459 1700 2629 1765 nihil

259 1808 516 1889 praeter
563 1805 836 1887 caedem,
885 1806 1171 1889 rapinam
1205 1808 1269 1871 et
1313 1805 1704 1889 reipublicae
1751 1806 2138 1872 eversionem
2167 1809 2231 1871 et
2260 1806 2628 1872 vastitatem

260 1911 740 1994 expectandum.
810 1912 983 1976 Haec
1029 1912 1241 1977 omnia
1273 1931 1420 1976 cum
1466 1931 1593 1977 non
1625 1911 1901 1994 aliunde,
1951 1931 2143 1996 quam
2174 1931 2247 1977 ex
2280 1911 2629 1995 multiplici

260 2017 594 2101 religionis
640 2017 1041 2082 contentione
1087 2016 1393 2100 oriantur,
1444 2036 1510 2082 33
1554 2017 1818 2100 proinde
1865 2017 2089 2083 obnixe
2134 2017 2502 2102 efflagitare,
2551 2021 2628 2083 ut

259 2124 559 2207 princeps
618 2143 762 2189 suas
822 2125 1034 2206 partes
1081 2124 1255 2206 agat,
1327 2123 1716 2207 reipublicae
1782 2122 2122 2205 cespitanti
2190 2125 2519 2188 succurrat
2563 2126 2629 2189 et

258 2229 413 2294 huic
458 2229 630 2295 malo
676 2228 1019 2310 medeatur,
1068 2228 1369 2293 articulos
1418 2248 1709 2294 erroneos
1754 2228 2083 2294 doctorum
2115 2229 2400 2294 virorum
2446 2249 2625 2312 prae-

262 2335 423 2401 sidio
472 2335 730 2401 adiutus
776 2335 964 2400 tollat
994 2337 1060 2399 et
1089 2353 1271 2399 verae
1316 2334 1609 2418 religioni
1640 2335 1956 2418 verboque
1995 2333 2116 2399 Dei
2163 2335 2624 2402 consentientes
2651 2397 2668 2408 ,

263 2443 648 2523 substituat3
713 2462 778 2506 33
826 2461 949 2522 303,
1000 2441 1057 2505 si
1103 2441 1227 2506 sibi
1273 2440 1465 2506 utiles
1513 2460 1650 2506 esse
1697 2441 2123 2524 cognoverint,
2170 2440 2445 2506 libenter
2489 2460 2623 2506 am-

261 2549 577 2632 plexuros,

470 2654 571 2719 Ad
622 2674 779 2738 quae
823 2654 1118 2739 princeps
1139 2656 1197 2719 ⁴:
1244 2656 1321 2719 In
1366 2654 1685 2738 principio
1731 2653 2050 2719 nascentis
2084 2653 2241 2719 mali
2283 2655 2626 2738 pharmaca

257 2760 666 2826 admisissent
707 2779 911 2845 neque
938 2761 1034 2827 ita
1064 2761 1133 2826 in
1171 2761 1442 2846 gratiam
1488 2761 1875 2826 furiosorum
1919 2760 2322 2826 subditorum
2353 2764 2417 2826 et
2461 2762 2622 2827 bene

256 2866 656 2931 monentium
712 2866 1069 2933 ludibrium
1130 2868 1544 2933 saluberrima
1591 2867 1858 2934 consilia
1907 2866 2343 2933 excussissent.
2436 2867 2623 2951 Cogi·
2675 2892 2683 2901 ·

254 2967 501 3039 tessent
547 2992 694 3038 cum
725 2973 911 3039 malis
957 2973 1026 3037 in
1055 2972 1402 3057 perniciem
1444 2974 1759 3039 bonorum
1805 2992 1931 3038 non
1962 2991 2096 3037 esse
2126 2972 2618 3056 connivendum3

257 3078 579 3144 seditiosis
626 3097 752 3144 non
795 3082 931 3144 tam
975 3078 1254 3144 suaviter
1298 3077 1656 3144 adblanditi
1701 3077 1995 3143 fuissent.
2051 3077 2406 3143 Licentiam
2452 3077 2622 3143 enim

477 3272 519 3342 ¹)
555 3272 671 3327 Auf
701 3273 848 3328 dicse
886 3272 1194 3343 Erklarung
1228 3271 1326 3327 hin
1377 3271 1562 3326 wurde
1597 3271 1914 3326 Rothmann
1962 3271 2061 3326 das
2097 3270 2371 3342 Predigen
2420 3271 2622 3325 wieder

254 3364 543 3431 gestattet,
584 3361 723 3415 doch
760 3361 830 3415 da
867 3361 965 3416 das
1001 3360 1574 3431 Lambertikirchspiel
1609 3360 1710 3415 ihn
1733 3359 1816 3415 als
1854 3359 2259 3415 aufriihrerisch
2293 3360 2407 3414 und
2443 3360 2622 3414 seiner

254 3448 551 3520 Obrigkeit
585 3449 949 3520 ungehorsam
985 3452 1224 3504 cntsetzt
1257 3448 1431 3518 hatte,
1468 3448 1566 3503 ihn
1603 3448 1744 3502 auch
1780 3448 2112 3519 keineswegs
2147 3447 2347 3503 wieder
2370 3447 2621 3502 zulassen

250 3537 459 3606 wollte,
520 3536 779 3604 „darumb
835 3537 936 3591 hat
972 3554 1101 3591 man
1152 3538 1212 3592 in
1246 3537 1469 3608 nir-gent
1504 3537 1614 3591 dan
1669 3554 1740 3591 an
1778 3537 1937 3591 einen
1972 3536 2202 3591 winckel
2256 3536 2353 3590 der
2387 3539 2503 3591 stat
2551 3552 2618 3589 zu

249 3630 415 3681 sanct
437 3625 655 3681 Servass
693 3642 761 3680 zu
784 3625 1047 3696 prodigen
1083 3629 1335 3696 gestaten
1359 3625 1588 3695 mogen“
1632 3624 2147 3696 (Randbemerkung
2181 3641 2250 3679 zu
2274 3624 2370 3678 der
2392 3623 2621 3695 Beilage

251 3731 380 3769 zum
419 3713 716 3769 Schreiben
750 3731 801 3770 v.
828 3714 881 3769 d.
907 3713 1180 3782 Wieck’s).
1225 3742 1294 3753 —
1340 3712 1385 3784 ¹)
1419 3712 1548 3785 Vgl.
1585 3714 1726 3769 oben
1763 3712 1818 3769 S.
1854 3712 1980 3769 423.

473 3800 520 3869 ⁸)
557 3802 663 3856 Die
706 3801 1050 3858 Instruktion
1105 3801 1202 3857 der
1247 3801 1666 3872 Abgeordneten
1717 3801 1993 3857 Miinsters
2049 3817 2172 3855 zum
2225 3800 2512 3872 Landtage
2560 3801 2620 3855 in

247 3889 463 3945 Rheine
500 3889 602 3945 hat
636 3889 755 3945 sich
789 3890 947 3945 nicht
982 3890 1249 3947 erhalten.

471 3978 518 4044 ⁴)
555 3978 737 4033 Akten
793 3980 927 4033 fiber
961 3979 1052 4034 die
1087 3978 1818 4049 hndmgwerhmdlmgen
1855 3994 1922 4032 ιιι
1958 3978 2168 4032 Rheine
2214 3975 2466 4031 befinden
2503 3975 2621 4032 sich

249 4068 332 4122 im
368 4066 547 4123 St.·A.
571 4067 650 4122 M.
708 4067 782 4121 Es
818 4066 976 4122 hatte
1013 4067 1130 4122 sich
1164 4066 1535 4122 vornehmlich
1570 4067 1772 4122 wieder
1805 4082 1900 4121 um
1935 4063 2621 4136 Steuerangelegenheiten

246 4154 570 4227 gehandelt.
644 4155 863 4210 Zuletzt
914 4158 1099 4210 traten
1154 4155 1243 4210 die
1281 4155 1476 4211 Stadte
1528 4156 1590 4210 in
1624 4155 1776 4210 ihrer
1812 4153 2156 4210 Gcsamtheit
2207 4151 2321 4207 und
2375 4151 2621 4209 einzelne

248 4244 558 4315 derselbem
593 4244 698 4300 wie
732 4242 913 4299 Ahlen
947 4243 1062 4299 und
1098 4243 1438 4314 Warendorf‚
1491 4245 1596 4299 mit
1630 4243 1790 4299 ihren
1823 4241 2042 4314 Klagen
2077 4241 2286 4297 hervor.
2356 4239 2486 4312 vgl.
2523 4256 2621 4296 zur

245 4334 425 4390 Sache
462 4331 525 4388 C.
560 4332 629 4389 A.
667 4331 1065 4389 Cornelius:
1104 4331 1182 4389 M.
1216 4332 1283 4389 A.
1318 4331 1400 4390 11.
1437 4332 1494 4389 S.
1521 4331 1687 4388 1981.
2404 4403 2453 4468 4
