3259 5075
623 277 760 342 410
1490 274 1675 340 Anno
1727 275 1896 340 1533
1943 276 2101 340 acta.

840 451 1091 517 Interea
1136 450 1710 534 Warendorpenses
1729 453 1773 533 ¹,
1842 468 1991 515 cum
2057 448 2339 533 exemplo
2399 468 2549 516 suae
2612 444 3024 533 metropolis

624 558 925 642 pleraque
969 555 1042 619 in
1088 555 1392 643 religione
1423 556 1594 622 avita
1638 558 1703 622 et
1747 556 2117 622 ceremoniis
2161 555 2391 638 priscis
2433 557 2802 637 mutassent,
2850 548 3021 618 sibi

623 665 938 746 metuunt,
987 682 1067 728 ne
1096 662 1167 728 in
1211 662 1333 728 hac
1377 662 1863 746 inauguratione
1905 660 2313 728 insolentiam
2358 661 2550 726 istam
2579 680 2756 727 suam
2797 657 3025 743 prin-

623 788 772 854 ceps
816 787 1010 834 manu
1041 768 1339 851 vindicet,
1388 768 1557 834 sicut
1599 787 1764 833 anno
1796 767 2123 851 superiori,
2170 786 2398 851 nempe
2433 767 2623 850 1532,
2669 766 3021 831 Herman-

625 893 747 941 nus
772 874 848 940 de
872 874 1071 940 Weda
1105 874 1438 958 episcopus
1469 873 2085 939 Paderbornensium
2112 872 2525 939 rebellionem
2553 870 3019 951 coercuerat¹;

626 981 810 1046 cuius
855 980 950 1045 rei
993 998 1210 1045 recens
1255 980 1610 1063 exemplum
1673 979 2023 1045 multorum
2066 978 2306 1044 civium
2352 977 2580 1044 animis
2626 976 2831 1043 adhuc
2877 976 3017 1040 in-

628 1085 893 1152 sederat.
962 1084 1236 1151 Proinde
1282 1084 1361 1150 de
1404 1104 1668 1151 numero
1714 1086 2100 1151 armatorum
2145 1084 2434 1168 equitum
2477 1080 3015 1164 intromittendo,

341 1209 376 1241 ³
389 1226 447 1281 p.
480 1206 606 1264 371.
630 1191 987 1277 quibusque
1031 1191 1236 1258 modis
1282 1210 1348 1257 se
1378 1191 1680 1257 adversus
1726 1188 1896 1257 *vim
1939 1191 2266 1275 principis,
2315 1190 2372 1255 si
2400 1189 2562 1255 forte
2607 1207 2763 1273 opus
2794 1187 3013 1269 essct,

627 1297 974 1380 munirent,
1032 1297 1429 1381 consultant3
1498 1297 1775 1382 petitum
1833 1296 2239 1380 bombardas,
2286 1295 2611 1380 pulverem
2670 1294 3014 1360 niu-atum

627 1403 877 1488 aliaque
922 1404 1058 1469 eius
1102 1404 1351 1488 generis
1396 1404 1852 1469 Monasterium
1896 1403 2186 1470 mittunt.
2264 1402 2437 1483 Quae
2467 1402 2577 1467 ubi
2622 1400 2749 1466 sibi
2794 1417 3014 1484 nega-

627 1512 868 1592 rentur,
917 1529 1063 1575 cum
1108 1510 1438 1576 muniendi
1484 1529 1550 1576 se
1581 1509 1816 1576 fiducia
1857 1511 2103 1575 metum
2148 1528 2397 1575 omnem
2441 1508 2768 1592 deponunt
2811 1508 2880 1572 et
2919 1523 3016 1570 re

627 1615 826 1682 altius
888 1615 1284 1682 considerata
1327 1615 1495 1681 nihil
1540 1615 1666 1681 sibi
1726 1615 1958 1680 hostile
2001 1615 2083 1679 ab
2129 1615 2422 1699 episcopo
2468 1633 2583 1680 suo
2628 1611 3011 1679 timendum

629 1740 766 1787 esse
810 1722 1190 1805 existimant,
1239 1722 1508 1788 maxime
1545 1741 1694 1787 cnm
1723 1721 2266 1804 Monasterienses‚
2314 1739 2583 1806 qnorum
2612 1719 3007 1804 religionem

627 1828 934 1912 tanquam
1000 1828 1175 1894 simii
1221 1829 1353 1895 sint
1394 1828 1632 1893 imitati
1645 1880 1662 1911 ‚
1735 1828 1974 1912 legatos
2034 1846 2179 1893 snos
2224 1827 2295 1892 in
2339 1827 2647 1893 comitatu
2702 1821 3009 1909 episcopi

629 1932 924 2017 habeant,
973 1934 1205 2018 quibus
1249 1934 1628 1999 inconsultis
1673 1934 1967 2018 princeps
1998 1933 2164 1998 nihil
2195 1932 2283 1998 sit
2312 1935 2585 1999 acturus.
2652 1929 3011 1997 Dominica

384 2056 458 2101 π.
482 2053 605 2100 im.
630 2057 779 2123 ergo
824 2039 1087 2122 Exaudi,
1159 2058 1318 2125 quae
1362 2039 1489 2105 fuit
1534 2041 1639 2106 25.
1687 2040 1862 2123 Maii,
1927 2039 2447 2123 Warendorpiam
2491 2057 2638 2105 cum
2682 2033 3005 2103 mediocri

630 2144 921 2229 equitatu
962 2144 1322 2229 ingreditur
1364 2148 1431 2211 et
1459 2144 1664 2212 omnis
1710 2145 2073 2211 rebellionis
2104 2164 2176 2210 ac
2205 2145 2476 2211 iniuriae
2520 2144 2701 2229 quasi
2746 2142 3006 2208 oblitus

632 2250 969 2334 pacificum
1037 2252 1226 2334 atque
1292 2251 1641 2335 benignum
1706 2270 1772 2317 se
1833 2251 2188 2335 principem
2254 2250 2527 2317 exhibet.
2619 2247 3003 2315 Vindictam

631 2357 846 2421 tamen
891 2356 1408 2439 transgressionis
1437 2358 1508 2422 in
1536 2356 1715 2423 alind
1759 2360 2012 2441 tempus
2042 2358 2218 2423 visus
2264 2359 2362 2423 est
2390 2357 2661 2423 differre.
2721 2355 3001 2421 Waren-

632 2461 972 2545 dorpenses
1016 2481 1162 2528 vero
1230 2461 1691 2547 benignitatem
1759 2462 2069 2547 principis
2131 2465 2414 2548 tempore
2481 2458 3003 2547 inaugurationis

633 2568 877 2651 experti
919 2568 1134 2652 ipsum
1175 2568 1280 2635 vel
1323 2568 1607 2635 omnium
1666 2569 2050 2636 iniuriarum
2093 2570 2367 2635 oblitum
2409 2570 2513 2636 vel
2555 2569 2723 2635 nihil
2768 2569 3005 2633 contra

637 2693 705 2740 se
748 2677 814 2740 et
859 2675 1258 2759 evangelium
1300 2675 1529 2741 audere
1573 2675 1954 2757 existimant,
2020 2675 2291 2741 maxime
2336 2694 2483 2741 cum
2530 2694 2710 2741 snam
2751 2676 3001 2740 metro-

634 2779 835 2864 polim
880 2781 1007 2847 sibi
1050 2780 1362 2864 evangelii
1406 2781 1661 2847 nomine
1706 2781 2020 2847 faventem
2063 2782 2356 2848 habeant.
2421 2781 2560 2847 Hac
2601 2781 2818 2864 itaque
2863 2780 3003 2845 im-

397 2909 443 2950 ι.
469 2902 607 2948 sum.
634 2886 927 2970 punitate
994 2886 1119 2952 sibi
1164 2887 1488 2970 proposita
1541 2887 1752 2971 prima
1793 2887 1966 2953 Iunii
2011 2887 2078 2952 in
2124 2887 2364 2971 templa
2406 2887 2691 2969 irruunt,
2761 2885 3007 2951 altaria

634 2991 1085 3075 demoliuntur,
1134 2994 1378 3059 statuas
1423 2993 1751 3058 securibus
1796 2992 2099 3059 dissectas
2142 3012 2257 3075 per
2300 3010 2556 3057 murum
2599 2992 2670 3057 in
2713 2990 2999 3057 Amisim

634 3098 1202 3181 praeterlabentem
1244 3097 1612 3180 coniicinnt,
1669 3097 1977 3182 imagines
2021 3097 2225 3181 pictas
2270 3098 2431 3163 rasis
2476 3097 2829 3181 parietibus
2875 3098 3005 3162 aut

633 3202 806 3269 calce
850 3201 1039 3268 illitis
1106 3205 1505 3287 expungunt,
1573 3203 1827 3268 tabulas
1868 3202 2191 3287 frangunt,
2263 3204 2631 3268 ornamenta
2672 3201 3003 3285 diripiunt

635 3310 826 3393 atque
856 3310 1024 3375 inter
1054 3328 1119 3374 se
1148 3309 1517 3393 partiuntur
1533 3310 1578 3375 ⁸.
1628 3309 1839 3374 Huius
1871 3308 2097 3374 furiosi
2126 3309 2317 3393 spolii
2359 3308 2738 3392 praecipuus
2770 3310 3004 3374 auctor

856 3537 899 3606 ¹)
934 3538 1049 3593 Das
1082 3537 1361 3609 Folgende
1415 3538 1551 3610 geht
1582 3537 1727 3593 wohl
1762 3537 1961 3593 wieder
2009 3536 2110 3592 anf
2140 3538 2262 3592 eine
2296 3536 2574 3593 verlorene
2609 3534 3003 3591 Warendorfer

637 3623 878 3680 Chronik
915 3625 1131 3681 znrfick.
1203 3625 1330 3696 Vgl.
1368 3625 1508 3681 auch
1545 3627 1683 3681 oben
1721 3626 1775 3682 S.
1813 3626 1918 3682 397
1938 3625 1996 3682 ff.
2047 3654 2115 3665 -
2165 3624 2211 3695 ¹)
2248 3624 2304 3682 8.
2342 3624 2442 3681 Bd.
2473 3628 2499 3679 1
2538 3624 2594 3680 S.
2620 3624 2738 3679 118.

853 3712 897 3782 ⁸)
933 3713 1113 3769 Ueber
1142 3712 1290 3769 disse
1313 3714 1604 3785 Vorgange
1639 3713 1912 3770 berichtet
1944 3714 1983 3769 J
1983 3714 2072 3769 oh.
2090 3709 2266 3782 Wale,
2303 3716 2548 3784 genannt
2581 3711 3001 3781 Schiltmecker‚

634 3801 864 3857 Richter
900 3818 967 3856 zu
1003 3802 1348 3872 Warendorf,
1402 3819 1492 3858 am
1527 3803 1613 3856 27.
1650 3802 1785 3858 Juni
1821 3818 1894 3857 an
1928 3801 2177 3857 Dietrich
2212 3818 2262 3858 v.
2299 3799 2596 3870 Meu-vemt,
2649 3801 2885 3855 Drosten
2924 3815 2999 3853 zu

636 3888 898 3945 Wolbeck
948 3889 1122 3963 (Orig.
1158 3891 1235 3945 im
1271 3890 1442 3947 sn-A.
1479 3891 1605 3958 M.):
1667 3890 1771 3958 „So
1824 3890 1967 3945 hebn
2004 3890 2041 3945 i.
2080 3907 2126 3946 e.
2162 3888 2201 3945 1.
2237 3888 2361 3945 well
2416 3889 2613 3960 gehort
2664 3888 2770 3943 den
2824 3887 2995 3943 velle-

635 3977 882 4049 foldigen
918 3978 1118 4034 handel
1153 3982 1212 4034 to
1238 3978 1604 4049 Warendorpe
1640 3982 1760 4050 myt
1793 3978 2025 4034 kercken
2053 3981 2112 4033 to
2138 3977 2432 4049 schyndem
2467 3977 2662 4034 belden
2688 3982 2748 4033 to
2783 3975 3000 4046 horren,

636 4066 738 4121 dat
772 4070 1079 4123 sacrament
1131 4067 1229 4123 der
1263 4067 1402 4139 dope
1437 4068 1550 4123 und
1584 4069 1751 4123 misse
1802 4067 1962 4140 gaurs
1998 4083 2306 4138 verworpen
2359 4067 2474 4122 und
2515 4066 2657 4122 noch
2708 4069 2830 4137 myt
2865 4081 2997 4121 erun

636 4154 980 4227 lantlopigen
1015 4155 1369 4228 predicanten
1420 4157 1484 4211 in-
1516 4156 1655 4212 aller
1705 4156 2036 4227 handelinge
2068 4154 2368 4211 verbor-den
2420 4160 2587 4227 tegen
2641 4155 2740 4210 dat
2787 4152 2997 4225 geboth

635 4260 796 4314 myns
832 4261 886 4315 g.
923 4243 963 4300 f.
1000 4261 1055 4300 u.
1091 4245 1146 4301 h.
1183 4244 1255 4316 by
1292 4261 1395 4301 uns
1432 4244 1668 4316 gedam,
1724 4261 1843 4299 crer
1875 4244 2056 4315 hogen
2092 4243 2192 4298 ede
2226 4243 2338 4299 und
2374 4243 2787 4315 verplychtinge
2823 4240 3001 4313 nycht

639 4331 981 4402 gedencken,
1037 4331 1134 4388 der
1185 4349 1509 4404 meynnnge,
1564 4332 1634 4388 ok
1668 4349 1744 4387 nu
1780 4332 1877 4387 der
1913 4331 2135 4403 orgelen
2188 4331 2565 4401 astebrocken,
2619 4331 2733 4385 und
2767 4332 2826 4386 in
2861 4329 3002 4385 rade
