3259 5075
599 239 737 305 490
1463 239 1649 306 Anno
1701 240 1871 306 1534
1917 244 2075 306 acta.

601 417 813 481 autem
858 433 1072 482 omnes
1119 414 1270 480 boni
1339 416 1849 499 anabaptismum
1894 416 2084 482 etiam
2129 418 2199 481 in
2245 418 2534 482 senatum
2600 416 2950 501 irrepsisse,

599 521 851 605 iamque
918 522 1130 605 plures
1193 522 1495 588 senatorii
1552 524 1790 589 ordinis
1837 524 1960 588 viri
2006 542 2044 588 a
2086 523 2321 589 nostris
2380 523 2451 588 in
2496 523 2950 606 anabaptistici

599 628 832 694 favoris
876 628 1301 712 suspicionem
1346 649 1472 695 non
1517 629 1677 695 falso
1725 630 2079 713 rapiuntur,
2129 630 2241 713 qui
2285 631 2499 695 tamen
2546 648 2611 694 se
2651 629 2955 694 candidos

601 736 667 800 et
710 733 1070 800 innocentes
1115 753 1249 800 esse
1317 735 1660 820 fingebant.
1753 735 1977 819 Raptis
2045 735 2261 820 itaque
2319 734 2605 801 clavibus
2653 737 2718 800 et
2763 734 2957 800 Palco

600 839 1083 924 Covordicoque,
1127 858 1342 906 earum
1374 841 1762 923 custodibu8‚
1796 841 1864 906 in
1898 860 2208 906 carcerem
2239 840 2537 913 coniectis
2568 842 2786 924 portae
2814 840 2953 905 Ma-

600 947 811 1012 rianae
857 949 921 1012 et
963 946 1404 1013 Iudefeldanae
1448 946 1662 1013 valida
1724 947 2040 1032 praesidia
2084 948 2400 1031 continuo,
2449 967 2528 1013 ne
2574 947 2728 1030 quid
2774 965 2959 1011 mora

602 1052 796 1136 obsit,
865 1052 1217 1136 imponunt.
1313 1053 1601 1119 Aliarum
1646 1073 1791 1120 vero
1860 1057 2188 1137 portarum
2235 1055 2520 1120 omnium
2562 1054 2666 1118 ius
2712 1052 2958 1117 nostris

597 1161 1003 1242 praereptum
1045 1159 1116 1223 in
1161 1159 1572 1225 retinctornm
1617 1160 1826 1225 fuerat
1872 1160 2157 1227 arbitri0.

814 1266 1002 1330 Hunc
1031 1268 1277 1331 motum
1307 1267 1372 1330 et
1414 1285 1603 1349 grave
1650 1266 1828 1332 urbis
1861 1267 2200 1333 discrimen
2244 1267 2501 1351 quidam
2533 1265 2772 1331 civium
2819 1264 2953 1347 pri-

600 1372 799 1437 mates
846 1373 1135 1437 senatum
1195 1372 1560 1455 suspectum
1628 1372 1929 1438 habentes
1996 1373 2275 1456 principi
2320 1391 2433 1456 per
2474 1372 2692 1437 literas
2739 1370 2959 1435 subito

314 1494 417 1569 Ἴ»,
450 1495 575 1552 429,
603 1475 1035 1561 sig*nificant¹
1082 1477 1420 1544 consilium
1487 1477 1918 1563 auxiliumque
1964 1482 2183 1545 contra
2241 1480 2543 1544 retinctos
2590 1480 2957 1562 poscentes·,

603 1604 668 1650 se
714 1584 884 1649 enim
948 1586 1197 1668 impetu
1240 1584 1310 1649 in
1353 1584 1526 1668 ipsos
1572 1584 1737 1650 facto
1785 1586 2078 1651 omnibus
2125 1585 2435 1652 molestiis
2481 1603 2649 1650 nunc
2694 1583 2957 1649 tandem

601 1691 791 1756 finem
836 1691 1244 1775 imposituros
1290 1691 1356 1755 et
1398 1691 1858 1774 rempublicam
1889 1711 1927 1756 a
1963 1694 2265 1775 perpetuo
2310 1693 2490 1756 motu
2536 1691 2729 1756 semel
2774 1709 2957 1772 erep-

600 1797 797 1863 turoS.
888 1797 1188 1881 Princeps
1233 1798 1347 1863 ubi
1392 1798 1545 1863 haec
1591 1798 2026 1881 intellexisset,
2075 1817 2140 1864 se
2178 1798 2495 1864 laboranti
2544 1797 2793 1863 civitati
2839 1798 2953 1861 bo-

599 1903 824 1988 nisque
856 1904 1121 1987 civibuS,
1170 1903 1283 1987 qni
1313 1904 1684 1969 coercendae
1729 1904 2059 1970 seditionis
2092 1924 2336 1988 semper
2366 1907 2650 1970 auctores
2692 1899 2957 1983 fuerint,

600 2029 801 2096 neque
847 2010 1109 2077 consilio
1155 2030 1355 2095 neque
1401 2011 1634 2077 auxilio
1682 2011 1875 2076 etiam
1941 2030 2132 2095 supra
2177 2011 2343 2076 vires
2391 2029 2538 2076 suas
2583 2009 2955 2074 defuturum

599 2118 914 2184 rescribit.
1004 2117 1100 2183 Ne
1145 2119 1357 2182 autem
1423 2118 1819 2200 propositum
1879 2137 2064 2183 suum
2109 2118 2333 2183 multis
2401 2118 2711 2200 patescat,
2782 2114 2957 2199 quod

601 2223 906 2308 gerendae
951 2223 1045 2288 rei
1087 2223 1442 2306 plurimum
1510 2243 1692 2307 saepe
1738 2226 1953 2290 obesse
2000 2225 2178 2307 solet,
2247 2224 2466 2289 literas
2513 2222 2592 2287 ad
2639 2223 2957 2287 Herman-

603 2348 755 2395 num
801 2328 1250 2413 Tylbechium,
1321 2329 1731 2412 praecipuum
1777 2330 1842 2394 et
1888 2330 2273 2413 superiorem
2319 2349 2391 2395 ex
2445 2328 2734 2413 patriciis
2803 2346 2959 2392 con-

602 2436 823 2518 sulem,
873 2455 1060 2519 quem
1091 2435 1427 2501 factiosum
1455 2456 1583 2502 non
1617 2455 1751 2501 esse
1783 2437 2119 2518 existimat,
2168 2436 2239 2501 in
2267 2437 2422 2501 haec
2452 2436 2643 2500 verba
2671 2433 2878 2499 mittit
2897 2434 2953 2497 ἰ

602 2542 763 2608 Cum
809 2542 995 2608 civile
1061 2542 1399 2607 dissidium
1446 2546 1510 2608 et
1554 2543 1923 2609 intestinam
1984 2543 2358 2609 seditionem
2403 2543 2472 2608 in
2517 2543 2674 2607 urbe
2732 2542 2959 2606 Mona-

605 2648 896 2714 steriensi
940 2668 978 2713 a
1021 2648 1309 2714 retinetis
1357 2649 1740 2715 concitatam
1785 2669 1919 2715 esse
1964 2650 2287 2735 intelligat
2328 2649 2441 2732 ita,
2487 2652 2566 2714 ut
2609 2648 2776 2714 cives
2823 2647 2965 2712 sint

602 2755 672 2821 in
704 2755 897 2821 armis
942 2756 1198 2840 totaque
1228 2756 1454 2822 civitas
1499 2756 1687 2822 effero
1735 2756 2093 2822 exardescat
2122 2758 2300 2822 motu
2347 2758 2410 2821 et
2453 2754 2768 2821 horrenda
2808 2772 2957 2818 san-

602 2989 775 3042 nennt
808 2985 906 3041 das
946 2986 1303 3057 „Tagebucffl
1344 2986 1489 3040 dann
1526 2985 1581 3041 S.
1621 2986 1724 3040 103
1760 2986 1934 3041 neben
1969 2985 2157 3055 Palck,
2192 2985 2371 3041 Vinne
2406 2985 2519 3040 und
2557 2983 2776 3039 Stralen
2812 2981 2959 3037 noch

600 3076 639 3131 J
640 3075 784 3131 ohan
818 3075 1136 3146 Konnynck,
1172 3075 1416 3146 Hinrick,
1454 3075 1557 3129 den
1594 3075 1913 3145 doetgrever
1948 3074 2031 3144 (to
2057 3072 2388 3144 Overwater)
2424 3073 2537 3131 und
2572 3073 2609 3129 J
2611 3073 2753 3128 ohan
2789 3071 2959 3126 Ernst,

602 3163 973 3236 Steynbicker.

820 3252 864 3321 ¹)
900 3252 1004 3306 Die
1039 3251 1221 3306 Briefe
1267 3252 1389 3306 sind
1425 3252 1580 3307 nicht
1616 3252 1770 3307 mehr
1806 3251 2194 3306 nachweisbar.
2265 3251 2378 3306 Das
2420 3249 2778 3321 „Tagebucffl
2819 3248 2956 3303 lasst

603 3341 660 3397 S.
697 3342 802 3395 102
856 3340 1040 3395 ausser
1089 3357 1160 3394 an
1196 3341 1301 3395 den
1337 3341 1566 3396 Bischof
1614 3341 1756 3396 auch
1792 3359 1864 3396 an
1904 3340 2136 3408 „etliche
2174 3339 2455 3410 amptlude
2507 3357 2601 3393 um
2637 3337 2804 3409 hulpe
2840 3336 2957 3391 und

601 3429 767 3484 troist
801 3428 1142 3498 geschicket“
1182 3429 1412 3485 werden.
1483 3430 1546 3484 E.
1582 3446 1631 3484 v.
1658 3430 1710 3484 d.
1743 3429 1923 3484 Recke
1960 3428 2202 3484 schreibt
2238 3428 2360 3483 dem
2396 3427 2611 3498 Herzog
2647 3443 2753 3481 von
2790 3424 2959 3480 Cleve

606 3517 702 3586 (M.
730 3516 888 3582 (αὶ-Ω.
923 3515 1003 3585 11,
1031 3516 1181 3586 219),
1218 3516 1338 3571 dats
1375 3517 1464 3571 ein
1499 3517 1825 3588 dringendes
1849 3517 2218 3588 Ht’ilfsgesuch
2253 3533 2325 3571 an
2361 3515 2568 3571 Theod.
2592 3532 2642 3571 v.
2666 3513 2961 3583 Merveldt,

603 3606 839 3661 Drosten
874 3621 942 3658 zu
980 3603 1253 3675 Wolbeck,
1290 3606 1648 3678 abgegangen
1685 3607 1781 3661 sei.

820 3692 865 3763 ¹)
899 3692 1022 3748 Von
1057 3693 1261 3748 diesem
1308 3694 1509 3764 Briefe,
1566 3694 1663 3749 der
1700 3694 1945 3749 verloren
1999 3711 2066 3748 zu
2103 3695 2220 3749 sein
2275 3693 2512 3762 scheint,
2570 3692 2821 3748 ersa-hren
2855 3693 2965 3746 wir

601 3785 757 3837 sonst
790 3798 896 3836 nur
928 3781 1070 3837 noch
1104 3798 1203 3837 aus
1238 3783 1361 3838 dem
1400 3783 1815 3854 „Bichtboeck,“
1853 3801 1935 3839 wo
1973 3800 2031 3838 es
2066 3783 2154 3838 131.
2191 3784 2225 3837 9
2261 3782 2457 3838 heisst:

749 3869 948 3937 „Usser
981 3869 1216 3940 guedige
1251 3870 1390 3926 forst
1425 3870 1537 3925 und
1573 3869 1700 3926 herr
1733 3870 1912 3926 hadde
1947 3870 2143 3926 Tilbek
2180 3888 2316 3926 enen
2351 3870 2510 3926 breef
2540 3870 2790 3941 gesandt,
2823 3903 2826 3906 -

744 3957 857 4013 Dos
893 3957 961 4013 de
995 3958 1247 4013 ver-rader
1282 3958 1478 4014 Tilbek
1514 3958 1600 4013 for
1635 3958 1704 4014 de
1741 3959 2075 4030 gemeinheit
2108 3958 2238 4013 nich
2272 3976 2383 4013 was
2417 3957 2676 4013 bekandt.

744 4046 830 4102 De
865 4050 1045 4102 vorste
1079 4046 1259 4102 hadde
1296 4063 1380 4102 em
1417 4047 1557 4102 doen
1592 4051 1793 4102 wetten
1832 4047 1943 4101 und
1981 4046 2285 4116 schrieffen,

746 4134 908 4190 Siene
943 4134 1121 4205 gnade
1155 4135 1281 4191 woll
1316 4136 1385 4190 de
1421 4136 1573 4191 stadt
1606 4136 1852 4191 Monster
1885 4135 1961 4206 by
1997 4135 2162 4191 ehren
2196 4135 2383 4190 rechte
2419 4134 2571 4190 laten
2607 4134 2847 4200 blieven3

745 4223 831 4277 He
868 4222 1019 4279 solde
1054 4225 1201 4279 siner
1234 4223 1451 4294 gnaden
1486 4224 1555 4279 de
1588 4229 1783 4296 purten
1824 4241 1964 4296 apen
1999 4223 2216 4294 halden,

748 4310 845 4365 Sin
881 4311 1059 4382 gnade
1093 4311 1268 4367 wolde
1302 4313 1376 4382 by
1413 4312 1587 4368 denen
1621 4312 1888 4368 frommen
1921 4311 2088 4368 luden
2124 4330 2225 4384 syn
2259 4312 2419 4368 haest
2452 4310 2598 4367 unde
2631 4311 2844 4369 balde.“
