3259 5075
603 263 740 327 540
1471 260 1656 326 Anno
1709 262 1881 327 1534
1925 261 2083 325 acta.

604 441 745 505 tum
777 457 1151 521 magnopere
1182 456 1401 502 curare
1447 436 1784 520 respondet
1830 436 2147 520 simulque
2191 436 2259 501 in
2293 436 2504 502 virum
2548 439 2726 503 metu
2770 457 2963 522 prope

602 545 1073 611 consternatum
1119 542 1393 626 irruunt,
1468 543 1722 608 annulis
1769 543 1991 627 digitis
2038 542 2338 609 detractis
2387 544 2804 628 omnibusque
2849 563 2961 627 pe-

606 649 812 717 cuniis
859 652 923 715 et
969 650 1352 715 ornamentis
1385 669 1531 715 eum
1578 649 1856 733 spoliant
1901 648 2368 733 spoliatumque
2415 649 2770 715 dimittunt.
2841 650 2961 715 Ille

609 761 751 843 post
797 758 1038 841 aliquot
1082 756 1215 821 dies
1283 757 1524 822 literis·
1569 756 1638 819 in
1685 757 1908 821 urbem
1975 775 2087 840 per
2133 756 2431 820 Iodocum
2477 755 2956 837 Boemekenum,

604 863 972 928 ministrum
1019 882 1224 945 suum,
1273 862 1486 928 missis
1534 862 1608 927 de
1658 863 1724 927 vi
1773 862 1896 928 sibi
1943 862 2124 927 illata
2170 864 2235 926 et
2279 862 2461 927 bonis
2509 864 2727 927 contra
2769 861 2961 926 fidem

603 969 929 1053 publicam
976 968 1099 1033 sibi
1159 969 1390 1052 ereptis
1460 968 1725 1034 annulos
1794 968 2062 1033 maxime
2133 967 2510 1051 signatorios
2575 967 2847 1050 reposcit
2890 967 2958 1031 et

601 1075 729 1141 nisi
776 1075 1138 1157 reddantur,
1188 1094 1253 1139 se
1293 1075 1482 1140 istam
1528 1075 1831 1140 iniuriam
1879 1076 1942 1139 et
1971 1075 2104 1138 vim
2150 1074 2403 1157 imperii
2448 1073 2846 1157 principibus
2892 1076 2958 1139 et

604 1183 762 1247 bene
794 1180 1159 1246 constitutis
1206 1181 1672 1264 rebuspublieis
1719 1180 2026 1264 bonisque
2056 1179 2212 1245 viris
2244 1179 2536 1244 omnibus
2569 1198 2713 1243 cum
2746 1180 2956 1262 queri-

604 1287 814 1353 monia
882 1286 1360 1369 explicaturum.
1457 1286 1579 1353 Sed
1624 1286 1791 1351 nihil
1837 1286 1964 1351 nisi
2009 1287 2203 1351 verba
2268 1285 2688 1368 ignominiosa
2730 1285 2957 1369 vixque

597 1394 838 1459 scurris
885 1393 1077 1476 digna
1121 1396 1417 1476 reportat.

816 1501 901 1564 Et
969 1519 1111 1563 cum
1181 1499 1486 1583 quaedam
1554 1501 1867 1580 matrona,
1935 1518 2091 1564 uxor
2159 1497 2489 1565 Godofridi
2536 1496 2886 1561 Werneken
2909 1499 2953 1579 ¹,

605 1626 761 1691 quae
805 1607 873 1671 in
921 1605 1130 1690 platea
1160 1605 1506 1688 Aegidiana
1550 1605 1808 1689 publico
1854 1605 2195 1670 diversorio
2228 1623 2370 1668 rosa
2414 1602 2723 1687 insignito
2770 1622 2951 1686 prae-

603 1715 763 1795 erat,
814 1713 1012 1778 nimia
1078 1711 1460 1796 pinguedine
1529 1710 1896 1795 praepedita
1940 1728 2140 1794 neque
2185 1709 2433 1794 ingredi
2477 1728 2680 1793 neque
2728 1727 2952 1774 currus

601 1819 847 1903 copiam
892 1818 1123 1883 habere
1168 1819 1406 1901 posset,
1473 1817 1540 1881 in
1587 1818 1745 1881 urbe
1792 1816 2041 1881 mansit.
2134 1815 2235 1880 Ad
2283 1835 2471 1899 quam
2517 1814 2956 1898 retingendam

601 1925 886 1990 mittitur
951 1925 1409 2005 Rothmannus,
1482 1922 1590 2007 qui
1656 1922 2066 1987 mulierculae
2125 1922 2236 1988 isti
2297 1922 2503 1986 multa
2563 1921 2640 1986 de
2686 1921 2955 1986 foederis

602 2032 802 2116 signe,
852 2032 985 2097 sine
1032 2050 1155 2114 quo
1201 2049 1382 2095 nemo
1430 2028 1642 2094 salvus
1689 2029 1827 2094 fieri
1874 2029 2088 2112 queat,
2138 2028 2546 2094 concionatur
2590 2031 2672 2110 et,
2724 2028 2798 2091 ut
2840 2028 2956 2092 illa

602 2158 666 2203 se
713 2138 947 2221 retingi
993 2139 1057 2202 et
1100 2137 1455 2202 charactere
1502 2135 1992 2201 christianorum
2039 2135 2335 2218 insigniri
2383 2135 2683 2218 patiatur,
2731 2133 2948 2198 instat.

600 2245 722 2309 Illa
768 2263 833 2308 se
872 2244 1255 2326 baptizatam
1302 2262 1434 2308 esse
1466 2242 1701 2308 clamat
1744 2262 1945 2326 neque
1989 2241 2164 2307 aliud
2214 2240 2544 2324 baptisma,
2594 2258 2781 2323 quam
2829 2258 2952 2323 quo

599 2350 865 2415 maiores
913 2349 1011 2413 sui
1043 2350 1173 2414 sint
1203 2349 1424 2432 abluti,
1473 2352 1710 2432 optare.
1784 2349 1930 2413 Ille:
1978 2347 2293 2432 baptisma
2336 2346 2500 2411 illud
2546 2345 2624 2410 ad
2658 2346 2948 2427 salutem,

599 2457 726 2522 nisi
773 2456 1118 2521 secundum
1175 2456 1455 2539 accedat,
1518 2455 1685 2520 nihil
1729 2454 2039 2541 prodesse.
2133 2454 2285 2519 Illa:
2333 2455 2588 2519 tantum
2635 2452 2760 2517 sibi
2805 2471 2953 2536 pro-

600 2563 795 2645 desse,
848 2564 1154 2646 quantum
1186 2564 1532 2629 maioribus
1580 2564 1742 2645 suis3
1793 2561 1961 2629 sinat
1992 2583 2055 2628 se
2089 2563 2311 2627 saltem
2359 2581 2471 2627 suo
2503 2580 2674 2626 more
2720 2560 2948 2625 vivere.

606 2670 774 2754 „Siff‘
824 2669 1038 2752 inquit
1067 2670 1522 2752 Rothmannu3‚
1578 2672 1797 2751 „tanta
1841 2669 2190 2754 pertinacia
2222 2668 2479 2752 spiritui
2509 2667 2626 2732 Dei
2659 2665 2953 2731 resistere

600 2797 725 2843 non
771 2776 1035 2858 desini8‚
1085 2796 1118 2841 e
1165 2777 1475 2842 consortio
1536 2777 1788 2860 piorum
1833 2778 2035 2841 morte
2081 2773 2361 2840 tollenda
2406 2792 2499 2854 es,
2548 2792 2624 2837 ne
2669 2774 2784 2837 tua
2826 2772 2950 2835 im-

600 2885 832 2968 pietate
879 2884 1041 2949 iram
1071 2882 1280 2947 Patris
1326 2882 1393 2948 in
1425 2903 1538 2949 nos
1587 2902 1863 2949 accersas
1896 2885 1959 2948 et
2004 2901 2117 2948 nos
2164 2881 2263 2946 tui
2311 2878 2562 2944 sceleris
2609 2877 2949 2961 participes

305 3005 346 3035 ‘¹
358 3023 413 3077 p.
448 3006 573 3061 462.
599 2990 853 3055 facias.“
949 2990 1072 3055 Illa
1115 3007 1261 3054 vero
1328 2989 1550 3054 mortis
1598 2989 1916 3053 mentione
1963 2986 2331 3052 *intellecta
2375 2982 2742 3068 expavescit.
2842 2982 2950 3064 „Si

599 3096 859 3179 igitur,“
910 3096 1147 3179 inquit,
1202 3093 1337 3177 „vis
1399 3114 1498 3159 me
1566 3094 1974 3178 rebaptizare,
2044 3092 2364 3176 rebaptiza
2422 3110 2522 3155 me
2566 3089 2636 3153 in
2696 3088 2949 3153 nomine

598 3202 852 3266 centum
896 3202 1323 3284 diabolorum3
1372 3220 1519 3267 nam
1563 3201 1630 3266 in
1678 3201 1931 3266 nomine
1974 3200 2093 3265 Dei
2139 3219 2282 3265 sum
2326 3196 2521 3263 semel
2564 3195 2943 3279 baptizata.“

595 3307 715 3371 Ille
761 3309 974 3371 autem
1019 3326 1154 3372 eam
1203 3326 1315 3373 suo
1362 3326 1532 3371 more
1576 3306 1859 3387 retingit.

809 3413 990 3476 Hanc
1023 3413 1258 3478 civium
1304 3413 1736 3479 calamitosam
1782 3412 2001 3496 fugam
2032 3410 2339 3474 divinitus
2387 3407 2725 3490 contigisse
2753 3406 2954 3471 Roth-

595 3537 863 3583 mannus
909 3517 1201 3582 omnibus
1261 3518 1632 3601 persuadere
1692 3518 1955 3583 laborat.
2048 3516 2184 3581 Hac
2231 3514 2401 3579 enim
2444 3514 2651 3578 Deum
2695 3513 2952 3578 Patrem

595 3644 740 3690 suos
786 3624 864 3689 ab
911 3623 1133 3688 hostili
1178 3626 1369 3705 metu,
1440 3624 1544 3689 cui
1590 3623 1892 3708 impliciti
1953 3623 2348 3703 tenebantur,
2422 3620 2747 3703 eripuisse,
2817 3618 2948 3684 imo

806 3799 856 3869 ⁸)
895 3801 1005 3853 Me.
1018 3819 1034 3852 :
1068 3798 1274 3854 literas.

809 3998 850 4066 ¹)
886 3997 1000 4052 Das
1037 3996 1292 4065 folgende
1327 3994 1567 4066 Beispiel
1604 3993 1877 4049 berichtet
1913 4010 2015 4047 nur
2051 3992 2233 4047 Keras.
2307 3990 2377 4045 H.
2417 3988 2759 4045 Gresbeck
2798 3988 2854 4044 S.
2879 3989 2951 4041 20

590 4090 718 4156 sagt
753 4086 827 4140 im
865 4085 1267 4157 Allgemeinen:
1332 4084 1435 4151 „So
1492 4083 1670 4137 haben
1727 4082 1815 4136 die
1851 4081 2203 4152 predicanten
2259 4081 2348 4134 ein
2385 4078 2495 4133 deil
2531 4077 2692 4132 luede
2747 4077 2806 4130 in
2843 4076 2948 4130 den

589 4174 852 4229 hueseren
891 4175 1126 4245 gedoept
1176 4191 1277 4229 von
1316 4173 1439 4229 olde
1476 4189 1631 4227 mans
1668 4170 1781 4226 und
1821 4171 2047 4239 frawen,
2105 4169 2192 4224 die
2228 4169 2384 4224 nicht
2418 4184 2491 4238 up
2528 4167 2628 4221 dat
2661 4165 2949 4220 marckede

590 4264 720 4334 gain
758 4262 992 4332 kunden,
1030 4261 1142 4317 und
1179 4263 1267 4317 die
1305 4263 1404 4317 ock
1439 4260 1595 4316 nicht
1631 4276 1705 4330 up
1743 4259 1842 4313 dat
1875 4258 2119 4313 marcket
2154 4258 2285 4328 gain
2320 4255 2546 4325 wolden,
2585 4255 2698 4310 und
2734 4255 2952 4310 hebben

587 4353 669 4406 sie
706 4369 765 4405 so
804 4352 892 4405 ein
928 4351 1037 4405 deil
1076 4352 1311 4422 gedoept
1346 4352 1449 4405 mit
1485 4349 1667 4421 guden
1702 4351 1870 4402 worte
1908 4388 1922 4402 .
1945 4388 1957 4400 .
1980 4348 2026 4403 .“
