3259 5075
1201 315 1382 380 Anuo
1439 317 1607 381 1535
1654 322 1811 381 aeta.
2548 320 2676 383 765

547 494 599 556 1.
648 491 724 555 Iu
770 490 888 555 hoc
920 511 1079 556 novo
1127 492 1364 574 templo
1413 511 1611 556 unum
1660 511 1869 575 regem
1915 512 2047 557 esse
2094 495 2356 575 oportet,
2406 493 2518 578 qui
2563 514 2676 577 po·-

323 597 549 679 pulum
594 597 713 661 Dei
774 599 953 680 regat
999 599 1062 661 et
1107 597 1395 681 gladium
1460 598 1745 662 iustitiae
1791 598 1979 679 ferat,
2050 618 2126 663 ne
2173 599 2334 663 falsa
2393 600 2680 664 doctrina

324 703 810 785 contaminetur,
860 703 1009 786 quia
1055 706 1347 768 sanctum
1393 706 1515 786 est,
1565 704 1628 768 et
1674 702 1836 786 illis,
1900 705 2011 787 qui
2055 706 2174 769 hoc
2219 705 2531 789 templum
2575 705 2674 769 in-

323 810 525 892 gressi
572 813 740 892 sunt,
791 810 1001 874 omnia
1046 811 1198 874 sunt
1242 810 1478 873 munda
1524 812 1861 875 attestante
1907 810 2126 874 Paulo,
2207 809 2412 889 Quare
2458 812 2674 876 nullus

323 934 431 980 rex
475 919 588 981 aut
634 916 1045 999 magistratus
1091 915 1218 979 nisi
1249 934 1285 979 a
1317 915 1447 979 Deo
1495 914 1837 998 deputatus
1885 915 1953 979 in
1999 915 2217 981 foedus
2256 915 2496 981 Christi
2544 935 2675 982 sese

322 1020 709 1086 intromittet
728 1024 767 1086 ¹.

540 1130 600 1192 2.
648 1128 778 1192 Rex
823 1128 958 1210 ipse
990 1128 1053 1191 et
1083 1127 1322 1191 iudices
1353 1125 1531 1190 illius
1580 1128 1974 1209 rectoresque
2019 1126 2240 1210 populi
2271 1128 2433 1193 citra
2463 1147 2674 1210 perso-

321 1252 549 1298 narum
594 1236 707 1300 aut
752 1233 948 1298 ullius
1012 1232 1323 1298 commodi
1391 1233 1748 1316 respectum
1791 1233 2136 1317 unicuique
2201 1233 2518 1298 iustitiam
2562 1233 2675 1296 ad-

320 1338 781 1404 ministrabunt
841 1358 1177 1423 omnesque
1222 1358 1441 1404 causas
1488 1342 1553 1404 et
1596 1340 2054 1405 controversias
2115 1339 2247 1405 sive
2291 1338 2360 1404 in
2406 1340 2673 1405 urbibus

322 1445 454 1509 sive
500 1444 570 1509 in
617 1446 840 1510 castris
910 1445 1374 1528 campestribus
1442 1446 1792 1511 secundum
1838 1446 1957 1510 Dei
2002 1446 2268 1511 verbum
2312 1445 2381 1509 in
2426 1443 2676 1511 iustitia

321 1552 387 1614 et
432 1551 748 1634 aequitate
793 1551 1172 1616 iudicabunt
1216 1571 1288 1616 ac
1334 1551 1653 1633 diriment,
1704 1552 1768 1616 et
1814 1552 1869 1616 si
1918 1552 2255 1617 necessitas
2301 1552 2670 1635 postulabit,

320 1656 607 1740 gladium
653 1658 722 1722 in
768 1658 1145 1723 facinerosos
1193 1657 1321 1741 ipsi
1370 1658 1688 1741 stringent
1707 1660 1748 1722 ².

536 1766 596 1829 3.
644 1764 843 1829 Nemo
876 1783 941 1829 se
971 1763 1040 1828 in
1073 1764 1334 1829 alterius
1381 1762 1772 1847 provinciam
1817 1781 1928 1827 seu
1960 1762 2243 1829 officium
2286 1764 2675 1829 intromittet

319 1872 608 1956 illudque
652 1892 765 1953 pro
814 1891 925 1937 suo
974 1872 1287 1936 arbitratu
1332 1871 1700 1954 usurpabit,
1766 1871 1876 1935 sed
1921 1871 2185 1955 quisque
2233 1889 2322 1951 se,
2381 1870 2480 1933 uti
2525 1889 2670 1953 pro-

319 1977 516 2060 misit,
567 1979 736 2044 intra
784 1997 932 2043 suae
978 1977 1323 2043 vocationis
1370 1978 1674 2043 terminos
1720 1977 2072 2042 continebit
2090 1979 2133 2042 ³.

496 2084 597 2151 *4.
645 2086 843 2150 Nemo
890 2086 1149 2167 impune
1181 2085 1564 2167 scripturam
1596 2103 1837 2149 sacram
1867 2083 2084 2166 impiis
2116 2083 2248 2148 suis
2295 2083 2669 2165 interpreta-

318 2191 552 2255 mentis
584 2193 931 2273 pervertet3
981 2210 1052 2255 ea
1083 2190 1253 2255 enim
1282 2193 1358 2255 ut
1386 2191 1578 2255 verba
1607 2210 1721 2273 per
1753 2210 1817 2255 se
1850 2192 2092 2271 sonant,
2141 2188 2429 2254 adhibita
2459 2190 2670 2253 tamen

317 2296 621 2379 temporis
671 2296 1167 2379 circumstantia,
1218 2296 1498 2380 intelligi
1543 2296 1731 2361 debet
1748 2298 1792 2361 ⁴.

536 2402 595 2467 5.
647 2402 825 2482 Quod
877 2403 932 2467 si
979 2403 1288 2485 propheta
1341 2402 1411 2467 in
1456 2403 1691 2487 populo
1738 2403 1856 2467 Dei
1905 2402 2245 2467 surrexerit
2288 2403 2354 2467 et
2399 2421 2436 2465 a
2479 2403 2668 2467 verbo

316 2508 436 2573 Dei
480 2509 920 2575 dissentientia
962 2509 1345 2575 vaticinatus
1392 2510 1606 2592 fuerit,
1656 2510 1735 2575 ab
1781 2509 1951 2576 omni
1999 2508 2229 2594 populo
2279 2508 2671 2593 separabitur

314 2721 495 2775 licken
531 2721 858 2789 vorhanden,
896 2722 1165 2790 schicken,
1202 2723 1488 2776 wanderen
1525 2721 1639 2776 und
1673 2721 1871 2776 holden
1909 2722 2102 2789 sullen,
2140 2721 2252 2775 und
2289 2721 2386 2775 dat
2414 2720 2522 2775 alle
2557 2719 2670 2774 und

315 2809 475 2879 itlige
514 2810 759 2878 111-1101110,
810 2810 1144 2865 besunderen
1183 2811 1294 2864 und
1331 2812 1416 2864 int
1452 2812 1683 2880 gemein,
1733 2810 2207 2864 unverachtlicken
2246 2810 2316 2879 by
2355 2809 2518 2863 straif
2550 2808 2668 2863 der-

316 2898 497 2952 selven
536 2901 651 2953 tom
675 2899 809 2969 pril‘s
839 2899 974 2952 Gots
1002 2899 1113 2952 und
1138 2915 1489 2969 vermerunge
1527 2898 1695 2953 altidt
1720 2900 1831 2952 sins
1855 2898 1998 2952 ricks
2037 2897 2304 2968 geholden
2329 2898 2441 2951 und
2467 2897 2669 2951 vollen·

316 2986 471 3041 furth
508 2986 687 3041 sullen
722 2987 953 3041 werden.
1006 2987 1241 3041 Amen!“

538 3077 578 3144 ¹)
616 3074 763 3144 „Vor
788 3075 953 3144 ersth,
992 3075 1126 3129 dath
1152 3074 1257 3129 sall
1293 3077 1389 3146 gin
1414 3075 1648 3130 koninck
1684 3073 1825 3129 noch
1856 3076 2044 3145 jenige
2070 3074 2366 3129 overicheit
2401 3075 2572 3129 under
2598 3074 2668 3131 de

314 3162 725 3232 bundtgeuoten
764 3162 984 3232 Christi,
1023 3180 1126 3217 ane
1152 3163 1217 3217 de
1244 3181 1347 3218 van
1374 3163 1484 3218 Got
1519 3163 1807 3218 verordent
1843 3163 1958 3217 sick
1985 3180 2057 3217 na
2082 3162 2219 3217 Gotz
2258 3163 2431 3217 worth
2469 3164 2668 3218 holden

314 3252 426 3306 und
464 3250 716 3306 schicken
752 3268 964 3320 mogen,
1004 3251 1294 3322 bestendig
1329 3251 1563 3306 bliven.“

532 3338 577 3406 5¹)
614 3340 731 3408 „De
766 3340 1054 3408 konuinck,
1093 3342 1210 3395 sine
1233 3340 1468 3395 richtere
1505 3340 1616 3394 und
1643 3339 1751 3394 alle
1775 3343 2039 3410 regenten
2075 3338 2249 3394 sollen
2275 3357 2375 3394 ane
2405 3342 2669 3396 ansehent

315 3427 411 3483 der
446 3445 710 3499 personen
764 3428 877 3482 und
915 3428 1195 3499 einigerlei
1239 3430 1431 3498 profitz
1479 3427 1971 3498 jdermennichlich
2024 3428 2180 3483 recht
2216 3429 2354 3483 doen
2409 3429 2521 3482 und
2559 3429 2668 3483 alle

313 3517 476 3572 sache
512 3534 583 3571 na
621 3516 757 3571 Gotz
794 3517 985 3586 worth,
1039 3517 1136 3571 dat
1172 3535 1235 3587 sy
1271 3535 1344 3587 yn
1383 3517 1609 3572 stedden
1649 3517 1749 3572 offt
1783 3517 1992 3587 velden,
2030 3518 2087 3571 in
2125 3517 2520 3587 gerechticheit
2554 3517 2670 3571 und

312 3604 586 3659 billicheit
607 3605 818 3660 richtcn
844 3605 957 3659 und
979 3605 1341 3660 verhandelen
1368 3606 1494 3675 und,
1522 3624 1579 3661 so
1612 3606 1707 3661 eth
1732 3605 2044 3677 gesorderth
2068 3605 2265 3674 wurde‚
2292 3605 2428 3660 dath
2452 3604 2666 3674 swerth,

313 3693 568 3748 darmede
605 3697 662 3748 to
699 3694 928 3762 richten,
967 3693 1296 3765 gebruken.“

530 3781 575 3851 ⁸)
612 3781 927 3851 „Nemandt
964 3782 1068 3837 sall
1103 3783 1162 3836 in
1200 3784 1315 3837 eins
1353 3783 1588 3838 anderen
1626 3788 1780 3854 ampt
1814 3786 1998 3838 tasten
2032 3783 2142 3837 und
2179 3800 2253 3838 na
2288 3783 2461 3838 sinem
2482 3781 2667 3837 willeu

313 3870 644 3942 gebruken.“

528 3960 574 4028 ⁴)
611 3960 756 4029 „Gin
792 3958 935 4015 lerer
970 3960 1075 4015 sall
1111 3978 1308 4032 mogen
1345 3960 1680 4031 ungestraift
1715 3960 1783 4015 de
1820 3961 2045 4016 schrifte
2079 3960 2362 4027 verkeren3
2418 3960 2524 4014 dan
2565 3960 2667 4014 all-

310 4048 425 4102 tidt
460 4048 565 4102 sall
602 4049 669 4103 de
706 4049 903 4104 schrift
955 4049 1110 4105 recht
1144 4068 1218 4105 na
1255 4067 1381 4105 eren
1415 4050 1594 4104 worde
1651 4050 1764 4105 und
1802 4050 1912 4104 tidt
1948 4049 2195 4120 geordelt
2246 4050 2359 4104 und
2395 4050 2667 4119 ingefoert

308 4136 545 4192 werden.
547 4136 580 4163 “
651 4138 751 4191 Bei
788 4138 970 4195 Kerss.
1010 4138 1152 4193 fehlt
1206 4138 1302 4193 der
1353 4138 1793 4208 vorhergehende
1848 4136 2084 4206 Artikel,
2141 4137 2237 4192 der
2283 4137 2486 4192 lautet·
2525 4139 2663 4206 „Ein

310 4225 530 4280 itlicker
564 4224 670 4280 sall
705 4243 778 4280 na
815 4226 1010 4282 Gottes
1046 4232 1258 4296 gesette
1294 4226 1408 4281 und
1442 4229 1596 4295 wort,
1631 4244 1715 4281 wo
1751 4226 1821 4281 he
1857 4226 1995 4282 doch
2029 4225 2238 4281 vurhen
2276 4225 2507 4296 gelovet,
2548 4243 2667 4281 ver-

309 4313 546 4385 plichtet
598 4314 712 4368 und
748 4319 805 4369 to
844 4315 972 4370 110111
1008 4316 1109 4370 ock
1162 4319 1221 4370 to
1257 4315 1456 4370 holden
1509 4315 1850 4386 verwilliget,
1905 4315 2021 4370 sick
2055 4316 2113 4369 in
2151 4316 2267 4369 sine
2321 4307 2669 4387 beroepunge

311 4402 533 4457 alletidt
568 4403 930 4474 gebruclrenf‘

2697 2104 2794 2175 ‘p.
2831 2103 2959 2159 581.
