3259 5075
673 286 807 351 944
1535 284 1720 350 Anno
1777 285 1945 349 1553
1990 286 2149 349 acta.

885 463 1057 527 Haec
1103 479 1251 525 cum
1296 459 1586 542 dixisset,
1659 459 1825 525 alius
1872 459 2073 524 alium
2141 460 2476 543 respectat,
2547 477 2762 523 omnes
2820 460 3058 523 tamen

670 567 995 651 Weslingo
1064 566 1248 632 taciti
1309 558 1774 631 adsentiuntur.
1866 565 1956 630 At
1999 564 2400 629 Borchardus
2447 563 2692 628 Heerde
2761 564 2926 628 haec
2975 564 3058 628 in

670 675 862 740 verba
907 673 1215 756 erumpit:
1265 692 1330 738 se
1361 691 1686 755 nunquam
1720 671 1784 736 id
1829 672 2268 755 probaturum,
2318 672 2394 735 ut
2425 689 2612 735 causa
2657 669 3055 754 privilegio—

672 799 816 845 rum
860 779 942 844 ad
986 779 1339 863 principem
1378 778 1763 858 remittatur,
1812 777 2062 842 etiamsi
2094 776 2263 840 vitae
2294 780 2358 840 et
2404 778 2710 841 bonorum
2743 776 3056 841 omnium

672 886 1028 970 periculum
1097 885 1222 949 sibi
1267 888 1559 968 paratum
1605 902 1739 947 esse
1785 883 1962 948 sciat.
2057 883 2225 947 Hinc
2271 882 2550 948 sedatius
2619 901 2842 947 secum
2888 903 3052 947 con-

672 993 941 1072 sultant,
1014 991 1245 1075 quibus
1291 991 1494 1055 modis
1554 995 1843 1055 senatum
1890 1010 1927 1055 a
1970 990 2357 1055 remissionis
2406 989 2700 1072 opinione
2745 992 3048 1053 avocent„

672 1098 791 1164 Sed
839 1118 983 1162 cum
1032 1099 1100 1162 in
1146 1097 1310 1162 hanc
1355 1116 1599 1182 quoque
1647 1116 1712 1161 se
1757 1096 2145 1162 consensisse
2192 1096 2414 1176 sciant,
2488 1115 2610 1161 non
2657 1094 3052 1159 melioribus

673 1223 739 1269 se
768 1204 1119 1269 rationibus
1167 1203 1267 1267 uti
1311 1222 1507 1285 posse,
1556 1222 1748 1287 quam
1779 1221 1816 1267 a
1846 1202 2169 1286 Weslingo
2215 1204 2281 1267 et
2324 1201 2612 1266 Herdeno
2645 1203 3048 1283 acceperint.

670 1310 921 1393 Rogant
964 1309 1225 1392 proinde
1270 1309 1384 1374 hos
1433 1309 1617 1388 vir08,
1670 1309 1726 1373 si
1758 1312 2011 1374 senatus
2058 1309 2403 1392 praefracte
2452 1308 2894 1372 remissionem
2927 1328 3049 1372 ur·-

674 1417 848 1498 serit,
897 1420 972 1481 ut
1017 1416 1143 1481 sibi
1202 1415 1394 1480 huius
1441 1415 1693 1480 consilii
1761 1419 2047 1480 auctores
2093 1414 2468 1479 nominatim
2529 1415 2792 1497 prodere
2843 1415 3052 1479 liceat

671 1542 872 1607 neque
918 1521 1043 1586 sibi
1090 1521 1428 1605 quicquam
1474 1520 1629 1585 mali
1674 1523 1988 1599 metuant3
2038 1539 2104 1584 se
2135 1520 2304 1584 enim
2345 1520 2540 1584 etiam
2572 1520 2649 1583 ad
2697 1520 3044 1602 sanguinis

671 1647 870 1711 usque
917 1627 1284 1691 effusionem
1333 1644 1545 1690 omnes
1593 1626 1760 1690 cives
1814 1625 2167 1690 defensores
2214 1609 2562 1690 habiturosss
2656 1626 3046 1710 Weslingus

673 1735 737 1799 et
783 1733 1111 1799 Herdenus
1182 1732 1422 1797 exorari
1468 1751 1534 1797 se
1579 1732 1819 1813 sinunt,
1892 1732 1996 1796 sed
2045 1751 2122 1796 ne
2168 1732 2534 1815 prodantur,
2607 1733 2735 1797 nisi
2781 1752 3044 1797 summe

672 1840 1092 1904 necessarium
1139 1838 1393 1903 fuerit¹.
1471 1839 1615 1903 Itur
1658 1838 1807 1903 inde
1853 1839 1932 1903 ad
1979 1839 2222 1903 curiam
2270 1842 2334 1902 et
2379 1839 2566 1921 longa
2619 1839 3046 1904 altercatione

671 1966 820 2011 cum
867 1948 1089 2010 senatu
1120 1964 1310 2028 super
1354 1944 1740 2025 remissione,
1790 1964 1978 2027 quam
2025 1945 2436 2027 pertinaciter
2468 1946 2754 2028 urgebat,
2803 1945 3041 2028 dispu-

386 2070 488 2142 ·p.
526 2071 647 2126 669.
672 2053 868 2117 tatur.
954 2049 1152 2116 *Cum
1199 2053 1408 2115 autem
1456 2051 1710 2115 senatus
1766 2050 1961 2115 nullis
2005 2051 2301 2133 precibus
2348 2052 2718 2128 flecteretur,
2768 2051 3036 2115 tandem

433 2924 500 2964 16.
524 2918 643 2964 Mai.

673 2158 750 2221 ad
783 2157 1086 2222 ultimum
1117 2157 1364 2238 asylum
1398 2156 1604 2239 plebei
1649 2155 1950 2238 praefecti
1983 2155 2434 2239 confugientes,
2471 2157 2623 2239 quid
2657 2157 3038 2240 Weslingus

672 2264 739 2328 et
783 2263 1110 2328 Herdenus
1144 2263 1594 2343 consuluerint,
1647 2264 2023 2345 proponunt,
2073 2265 2136 2327 et
2166 2262 2436 2327 utillud
2476 2283 2564 2343 eo,
2613 2282 2737 2346 quo
2788 2263 3040 2345 pollent

670 2388 880 2434 rerum
928 2369 1183 2451 iudici0‚
1233 2370 1585 2434 accuratius
1637 2369 2005 2452 expendant,
2055 2388 2132 2433 ne
2180 2372 2435 2434 senatus
2482 2369 2671 2449 culpa
2715 2372 2851 2432 tota
2899 2389 3034 2434 res-

671 2474 929 2559 publica
976 2478 1038 2540 et
1096 2476 1387 2541 universa
1454 2476 1791 2559 posteritas
1861 2475 2277 2559 periclitetur.
2372 2476 2542 2540 Haec
2590 2475 2701 2540 ubi
2770 2480 3033 2542 senatus

671 2581 1086 2647 intellexisset
1131 2584 1195 2646 et
1240 2602 1450 2647 secum
1497 2583 1690 2647 altius
1751 2583 2188 2664 examinasset,
2259 2583 2479 2647 mitior
2544 2583 2833 2647 redditus
2881 2602 3033 2647 cum

671 2688 909 2770 plebeis
957 2687 1286 2770 praefectis
1333 2690 1656 2772 negotium
1703 2689 2124 2754 restitutionis
2186 2689 2322 2753 sine
2367 2707 2542 2752 mora
2587 2687 2880 2766 absolvit,
2933 2691 3030 2753 ta-

672 2793 855 2859 bulas
902 2814 1013 2877 pro
1046 2795 1376 2878 utriusque
1423 2795 1686 2859 arbitrio
1736 2796 2122 2879 conscriptas
2170 2795 2272 2859 die
2305 2794 2528 2859 Martis
2575 2805 2717 2877 post
2756 2794 3028 2877 Exaudi,

672 2899 971 2965 videlicet
1021 2902 1119 2965 16.
1170 2901 1352 2982 Maii,
1425 2919 1587 2965 anno
1643 2902 1810 2965 1553
1866 2900 1945 2965 ad
1989 2901 2338 2984 principem
2410 2901 2747 2984 signandas
2817 2904 3029 2966 trans-

889 3199 929 3262 ¹)
967 3199 1070 3252 Die
1099 3200 1300 3266 „Korte
1326 3200 1687 3270 antekunge“:
1732 3199 1858 3266 „Als
1884 3217 1957 3253 nu
1984 3200 2072 3254 die
2098 3200 2288 3255 doctor
2322 3200 2547 3255 sullichs
2579 3199 2860 3269 gereddet,
2897 3200 3028 3255 sach

672 3285 769 3340 der
804 3303 940 3355 eyne
978 3286 1080 3340 den
1119 3288 1321 3342 andern
1359 3305 1428 3342 an
1465 3288 1576 3342 und
1613 3288 1782 3342 fellen
1819 3288 1924 3342 den
1962 3288 2151 3342 doctor
2187 3290 2291 3354 bie,
2345 3288 2721 3342 insunderheit
2757 3289 3030 3344 Borchart

671 3375 899 3443 Heerde,
939 3376 1027 3429 die
1052 3377 1262 3447 willigh
1300 3376 1502 3440 sachte,
1543 3377 1631 3431 hie
1658 3377 1830 3431 wolde
1868 3377 1967 3431 dar
1988 3394 2236 3432 nummer
2271 3377 2658 3447 inbewilligen,
2696 3376 2817 3430 dass
2844 3383 2900 3431 et
2937 3380 3028 3432 ine

671 3464 792 3518 oick
829 3464 979 3518 solde
1015 3464 1206 3519 kosten
1243 3466 1326 3519 sin
1352 3465 1440 3519 liff
1470 3466 1582 3520 und
1618 3465 1796 3534 guidt.
1845 3466 1974 3520 Alse
2011 3465 2127 3520 sich
2153 3483 2226 3520 nu
2254 3465 2574 3533 bedachten,
2612 3465 2800 3520 sachte
2825 3465 3026 3536 Jaspar

670 3551 939 3607 Jodefelt:
979 3554 1184 3620 „Lever
1219 3554 1317 3607 her
1340 3554 1529 3607 doctor
1563 3553 1677 3607 und
1715 3554 1982 3608 Borchart
2017 3554 2245 3622 Heerde,
2284 3555 2458 3608 konne
2496 3572 2568 3623 gy
2600 3570 2676 3607 nu
2701 3554 2823 3607 oick
2859 3554 3024 3623 liden,

673 3640 793 3694 dass
829 3643 897 3694 wi
945 3643 1058 3711 juw
1097 3642 1433 3696 bedenckent
1483 3642 1605 3696 dem
1658 3642 1810 3697 raide
1865 3647 1956 3697 toe
1993 3642 2338 3713 erkennunge
2393 3660 2560 3712 geven
2574 3641 2636 3696 ?“
2708 3642 2793 3696 Do
2829 3642 3024 3697 beiden

673 3728 978 3800 wesseling
1013 3730 1126 3783 und
1161 3730 1390 3797 Heerde,
1427 3730 1547 3785 dass
1571 3748 1695 3785 men
1721 3733 1800 3785 sie
1824 3730 1963 3785 doch
1987 3730 2344 3785 verschoenen
2370 3729 2544 3785 wolde
2581 3747 2639 3784 so
2673 3730 2837 3784 foelle
2873 3747 3022 3800 mog·

670 3815 780 3871 lick
818 3817 928 3870 und
965 3835 1129 3888 segen
1156 3836 1244 3873 ere
1270 3819 1617 3890 gelegenheit
1642 3837 1728 3876 an.
1772 3820 1970 3873 Daruff
2001 3819 2356 3889 geantwordt,
2395 3818 2493 3872 das
2517 3819 2728 3873 wolden
2765 3820 2845 3873 sie
2869 3818 3021 3886 doen,

669 3905 782 3959 und
818 3903 934 3959 sich
984 3907 1139 3961 nicht
1174 3908 1496 3963 befruchten
1533 3908 1746 3973 solden;
1801 3910 1880 3963 sie
1915 3908 2123 3962 wolden
2160 3907 2217 3961 bi
2254 3909 2345 3961 ine
2382 3907 2490 3960 alle
2540 3906 2629 3961 liff
2663 3907 2773 3961 und
2809 3906 3023 3962 loevent

668 4013 887 4066 wagen3
942 4002 1123 4052 averst
1158 4001 1237 4053 sie
1274 3999 1482 4053 wolden
1520 3999 1589 4052 de
1622 3998 1835 4064 beiden,
1875 3998 2180 4067 wesseling
2215 3996 2328 4050 und
2363 3996 2628 4063 Heerden,
2688 3996 2861 4049 lutter
2897 3996 3022 4050 umb

672 4084 806 4139 Gott
844 4086 954 4139 und
990 4088 1047 4140 in
1074 4086 1211 4141 aller
1246 4087 1666 4141 freundtschafft
1701 4086 1944 4156 gebeden
1979 4085 2208 4153 hebben,
2245 4102 2364 4139 wan
2390 4100 2466 4138 nu
2491 4083 2580 4138 die
2615 4083 2766 4138 raidt
2799 4083 2866 4136 uf
2897 4082 3022 4138 ehre

668 4176 960 4245 meinunge
997 4175 1364 4230 verhardeden
1417 4175 1530 4230 und
1566 4176 1631 4229 uf
1665 4175 1832 4245 ghine
1868 4175 2067 4229 andere
2101 4190 2290 4244 wegen
2327 4175 2555 4241 bringen
2594 4172 2866 4238 konnden,
2905 4171 3022 4227 dass

670 4264 750 4317 sie
787 4262 894 4317 dan
932 4263 1028 4317 der
1062 4263 1257 4318 beiden
1292 4264 1421 4318 rath
1475 4263 1586 4318 und
1625 4263 1967 4318 bedenckent
2020 4262 2142 4316 dem
2185 4262 2346 4316 raeda
2402 4260 2701 4315 entdecken
2755 4260 3022 4315 mochten.

667 4350 755 4405 Do
793 4350 893 4405 ock
930 4352 1019 4405 die
1057 4352 1246 4406 doctor
1282 4352 1392 4406 und
1428 4352 1642 4407 Heerde
1679 4352 1795 4407 sich
1832 4354 1888 4406 in
1925 4352 2167 4422 begcven
2202 4350 2314 4405 und
2349 4351 2409 4404 in
2444 4348 2726 4404 toefreden
2760 4349 2984 4403 waren!
