3259 5075
1183 271 1366 339 Anno
1418 272 1590 339 1534
1635 273 1794 338 acta.
2525 274 2652 340 491

298 445 521 531 guinis
590 446 812 513 effusio
860 447 948 513 sit
990 447 1356 531 metuenda,
1426 449 1554 515 nisi
1613 449 2029 515 retinctorum
2074 450 2192 533 viS,
2263 451 2375 535 qui
2418 451 2667 536 priores

301 571 482 618 arma
526 555 935 638 sumpserunt
980 554 1356 639 civilemque
1390 555 1786 621 concordiam
1832 555 2166 639 aliquoties
2213 557 2655 640 dissolverunt,

301 662 682 743 coerceatur,
754 679 819 726 se
863 660 1130 741 proinde
1195 664 1435 745 petere,
1497 663 1574 728 ut
1618 662 1745 728 sibi
1791 681 1937 727 cum
2001 662 2303 729 mediocri
2370 663 2663 747 equitatu

305 765 586 831 venienti
633 767 796 833 citra
839 766 1039 833 ullam
1084 769 1314 834 urbani
1380 769 1704 854 privilegii
1749 769 2173 853 derogationis
2236 769 2660 853 suspicionem

303 873 492 956 porta
535 871 891 956 aperiatur3
964 893 1030 940 se
1074 874 1356 940 civitatis
1399 874 1543 940 iura
1588 876 1653 940 et
1698 875 2083 959 reipublicae
2143 874 2667 941 Monasteriensis

301 977 668 1044 libertatem
713 980 782 1044 in
826 979 1092 1046 minimo
1137 1000 1263 1046 non
1309 981 1723 1064 violaturum,
1794 981 2200 1047 incrementis
2246 981 2463 1063 potius
2510 1000 2661 1046 auc-

301 1085 557 1167 turum,
606 1103 671 1150 se
715 1085 1011 1169 pacificos
1057 1090 1122 1153 et
1165 1087 1445 1153 insontes
1491 1087 1658 1152 cives
1704 1088 1925 1152 contra
1967 1087 2299 1153 rebellium
2346 1087 2663 1153 insultum

304 1190 716 1257 defensurum
777 1191 1310 1279 factiosorumque
1368 1196 1628 1260 conatus
1688 1213 2149 1278 repressurum,
2199 1214 2265 1260 se
2310 1195 2533 1259 urbem
2579 1194 2658 1258 ab

304 1297 678 1364 imminente
724 1298 919 1383 clade,
969 1318 1047 1364 ne
1092 1301 1293 1365 totam
1357 1317 1569 1364 secum
1616 1299 1930 1365 dioecesin
1974 1298 2042 1364 in
2088 1299 2354 1365 exitium
2420 1300 2659 1382 praeci·

306 1404 491 1488 pitet,
538 1405 976 1472 liberaturum.
1056 1405 1290 1473 Consul
1335 1406 1449 1471 has
1494 1405 1805 1490 principis
1858 1406 2076 1472 literas
2123 1406 2192 1471 in
2238 1406 2523 1472 omnium
2569 1405 2660 1470 ci-

307 1509 488 1576 vium
530 1511 855 1597 totiusque
910 1512 1293 1596 reipublicae
1339 1513 1685 1598 perniciem
1731 1513 2076 1598 supprimit
2119 1533 2320 1597 neque
2366 1513 2443 1578 de
2488 1532 2660 1578 more

310 1615 577 1700 senatui,
642 1619 922 1684 tribunis
968 1621 1032 1684 et
1073 1619 1582 1685 mechanicorum
1627 1619 2025 1702 praesidibus
2071 1639 2173 1685 eas
2219 1619 2659 1685 examinandas

309 1722 513 1806 offert,
561 1725 730 1807 quod
775 1725 1146 1809 sanguinem
1190 1727 1531 1809 cognatum
1574 1745 1702 1790 non
1754 1745 1888 1791 esse
1932 1725 2328 1791 fundendum
2372 1726 2661 1791 consulat

307 1830 414 1895 vel
456 1831 671 1913 potius
710 1832 879 1916 quod
925 1832 1050 1897 sibi
1098 1832 1371 1917 suisque,
1419 1832 1482 1896 id
1519 1834 1617 1897 est
1660 1831 1969 1911 retinetis,
2015 1832 2350 1898 interitum
2393 1835 2655 1898 metuat.

309 1934 459 2002 Ideo
507 1955 653 2002 cum
698 1937 985 2004 retinetis
1027 1958 1275 2023 parum,
1323 1938 1557 2004 nostris
1590 1958 1736 2004 vero
1767 1939 2046 2004 multum
2091 1938 2391 2022 praesidii
2440 1958 2659 2022 super-

309 2062 446 2109 esse
492 2043 1034 2128 animadverteret,
1083 2065 1297 2111 omnes
1330 2064 1476 2111 suos
1521 2047 1803 2110 conatus
1830 2064 2166 2130 omnesque
2210 2045 2453 2129 ingenii
2495 2046 2660 2112 vires

309 2149 606 2233 intendit,
654 2153 731 2216 ut
766 2152 1076 2235 caninam,
1125 2151 1496 2235 discordem,
1546 2152 1911 2218 simulatam
1941 2154 2007 2218 et
2050 2152 2299 2219 civibus
2344 2151 2662 2218 exitialem

312 2256 710 2322 concordiam
754 2258 1133 2324 introducat.

523 2364 807 2430 Retincti
850 2383 997 2430 cum
1027 2365 1273 2431 viribus
1320 2366 1451 2432 suis
1497 2366 1876 2448 diffiderent,
1926 2365 2007 2431 ad
2050 2385 2372 2432 armorum
2416 2366 2661 2450 copiam

312 2469 716 2554 confugiunt,
780 2471 1010 2556 quibus
1059 2492 1124 2538 se
1168 2473 1238 2539 in
1297 2475 1603 2540 terrorem
1647 2472 2288 2556 Transssuvianorum,
2351 2474 2661 2558 quantum

313 2573 635 2660 '‘possunt,
683 2578 960 2645 firmant.
1026 2580 1299 2646 Proinde
1330 2581 1575 2666 aliquot
1619 2582 1892 2646 armatos
1924 2581 1988 2644 et
2023 2579 2271 2663 biiuges
2304 2600 2494 2664 equos
2525 2599 2659 2645 ma·
2686 2591 2785 2664 ‘P·
2820 2591 2955 2649 430.

312 2682 476 2748 iores
505 2683 883 2749 bombardas
914 2685 1236 2751 adserendi
1268 2707 1456 2753 causa
1484 2687 1563 2752 ad
1608 2686 2168 2752 armamentarium
2197 2686 2364 2769 apud
2411 2688 2660 2770 portam

312 2787 730 2873 Aegidianam
776 2790 974 2856 situm
1006 2792 1310 2857 emittunt
1353 2795 1543 2876 atque
1587 2798 1717 2857 tres
1751 2791 2155 2857 stationarios
2201 2791 2439 2856 milites
2485 2792 2663 2856 iuxta

313 2897 748 2963 coemiterium
791 2898 1216 2983 Aegidianum
1260 2899 1329 2964 in
1365 2920 1435 2965 eo
1478 2900 1637 2981 loco,
1686 2918 1809 2983 quo
1854 2917 1968 2981 per
1997 2897 2279 2962 viculum
2298 2900 2322 2937 ¹
2367 2896 2446 2962 ad
2492 2916 2662 2962 eam·

311 3021 471 3086 pum
517 3002 903 3070 dominicum
950 3005 1100 3088 itur,
1158 3006 1479 3072 custodiae
1525 3006 1789 3071 diurnae
1834 3005 2042 3090 gratia
2085 3004 2413 3069 collocant.
2491 3001 2662 3082 Quae

313 3128 417 3174 res
463 3129 611 3175 cum
656 3111 890 3177 nostris
934 3112 1322 3196 proderetur,
1369 3113 1663 3196 protinus
1710 3111 2169 3197 quinquaginta
2211 3110 2277 3174 vi
2321 3109 2663 3193 repetitum

314 3216 694 3282 bombardae
739 3221 1005 3301 armant,
1069 3237 1224 3302 quos
1270 3238 1309 3284 a
1352 3219 1712 3286 coemiterio
1758 3238 1872 3303 per
1912 3219 2131 3301 longas
2179 3218 2473 3300 ambages
2522 3216 2664 3281 Bis-

313 3321 810 3405 pinckhovianae
875 3323 1302 3390 immunitatis
1367 3324 1660 3390 hostibus
1724 3324 1975 3389 obviam
2036 3324 2323 3389 mittunt.
2416 3323 2666 3388 Interea

313 3427 580 3493 Ioannes
609 3428 971 3513 Weslingus
1020 3429 1301 3496 medicus
1347 3431 1412 3495 et
1446 3429 2005 3512 Wintercampius,
2054 3428 2345 3494 acerrimi
2389 3429 2665 3511 anabap-

315 3532 496 3598 tismi
557 3533 798 3617 hostes,
869 3554 1024 3618 quos
1071 3555 1184 3621 ego
1230 3537 1436 3622 globis
1504 3536 1723 3602 ferreis
1769 3535 1936 3602 corio
2003 3536 2314 3602 obductus
2359 3535 2430 3599 in
2473 3553 2665 3600 usum

316 3657 537 3705 eorum
603 3642 884 3707 armatus
931 3644 1252 3725 sequebar,
1325 3641 1769 3726 compendium
1814 3643 2181 3726 quaerentes
2229 3660 2266 3706 a
2305 3639 2664 3707 coemiterio

315 3745 795 3812 Transfluviano
839 3765 954 3829 per
992 3765 1284 3831 campum
1328 3747 1720 3813 dominicum
1750 3746 2154 3831 viculumque
2199 3765 2393 3830 supra
2420 3745 2668 3811 dictum

316 3851 399 3917 ad
427 3850 841 3935 Aegidianam
883 3853 1161 3937 plateam
1207 3855 1563 3938 properant,
1613 3855 1690 3920 ut
1735 3853 1866 3919 suis
1901 3872 2034 3920 sese
2063 3853 2467 3936 coniungant.
2539 3851 2665 3932 Qui

319 3975 466 4021 cum
509 3960 759 4041 praeter
802 3979 976 4043 spem
1023 3962 1089 4026 et
1132 3959 1563 4044 imprudentes
1609 3960 1681 4025 in
1725 3960 2123 4026 stationarios
2168 3958 2547 4040 inciderent,
2594 3957 2666 4021 in

318 4063 458 4146 ipso
503 4082 732 4148 pavore
777 4066 1020 4131 animos
1067 4068 1329 4132 sumunt
1374 4067 1605 4151 (neque
1651 4066 1822 4132 enim
1865 4065 2250 4131 retrocedere
2296 4061 2664 4146 audebant),

319 4170 526 4236 verbis
574 4171 922 4238 acrioribus
969 4192 1093 4239 non
1140 4173 1327 4238 aliter
1371 4172 1770 4238 stationarios
1818 4171 2227 4256 compellant,
2274 4190 2347 4235 ac
2393 4170 2449 4236 si
2494 4188 2669 4235 exer-

535 4348 579 4418 ¹)
614 4348 720 4403 Die
756 4348 1128 4420 Pserdegasse.
